5180 5.47657e-22
5182 5.59598e-22
5184 5.73826e-22
5186 5.75985e-22
5188 5.8586e-22
5190 5.41757e-22
5192 4.12921e-22
5194 4.54627e-22
5196 3.45409e-22
5198 3.80957e-22
5200 4.30774e-22
5202 2.9936e-22
5204 2.73122e-22
5206 3.83183e-22
5208 3.77096e-22
5210 3.03263e-22
5212 3.66967e-22
5214 3.96796e-22
5216 3.16664e-22
5218 3.46042e-22
5220 2.94205e-22
5222 3.24055e-22
5224 2.8773e-22
5226 2.66188e-22
5228 2.54985e-22
5230 2.03217e-22
5232 1.95745e-22
5234 3.28136e-22
5236 3.53265e-22
5238 2.85934e-22
5240 2.15217e-22
5242 2.34057e-22
5244 2.72648e-22
5246 2.53215e-22
5248 2.89317e-22
5250 2.62919e-22
5252 3.35974e-22
5254 3.19352e-22
5256 2.85889e-22
5258 3.05325e-22
5260 2.65955e-22
5262 2.91939e-22
5264 3.58836e-22
5266 3.49707e-22
5268 4.67009e-22
5270 3.77046e-22
5272 3.09625e-22
5274 2.82047e-22
5276 3.61448e-22
5278 5.02924e-22
5280 4.51171e-22
5282 3.95316e-22
5284 3.77803e-22
5286 3.033e-22
5288 5.88824e-22
5290 4.10601e-22
5292 4.32116e-22
5294 4.57253e-22
5296 3.73948e-22
5298 3.82553e-22
5300 5.09446e-22
5302 6.70274e-22
5304 5.69509e-22
5306 4.59572e-22
5308 4.4948e-22
5310 5.34212e-22
5312 4.99432e-22
5314 4.73889e-22
5316 5.83336e-22
5318 4.75493e-22
5320 5.57626e-22
5322 5.68245e-22
5324 4.45882e-22
5326 5.00241e-22
5328 5.37974e-22
5330 5.20997e-22
5332 5.07835e-22
5334 5.87265e-22
5336 5.67316e-22
5338 7.26557e-22
5340 5.85109e-22
5342 5.58014e-22
5344 4.81928e-22
5346 6.92793e-22
5348 9.1404e-22
5350 6.86139e-22
5352 6.87494e-22
5354 8.10782e-22
5356 8.48749e-22
5358 8.72851e-22
5360 8.56136e-22
5362 9.411e-22
5364 7.92139e-22
5366 6.14766e-22
5368 7.61154e-22
5370 7.76307e-22
5372 7.81121e-22
5374 1.02765e-21
5376 1.04071e-21
5378 1.20139e-21
5380 1.18533e-21
5382 1.36022e-21
5384 1.40052e-21
5386 1.00639e-21
5388 1.10066e-21
5390 1.24032e-21
5392 1.5111e-21
5394 1.25306e-21
5396 1.20506e-21
5398 1.33813e-21
5400 1.18135e-21
5402 1.14768e-21
5404 1.18713e-21
5406 1.14619e-21
5408 1.22988e-21
5410 1.1363e-21
5412 1.11817e-21
5414 9.9397e-22
5416 8.61114e-22
5418 9.92601e-22
5420 9.95191e-22
5422 7.04548e-22
5424 5.15246e-22
5426 6.10232e-22
5428 8.9169e-22
5430 1.03788e-21
5432 1.22715e-21
5434 1.76792e-21
5436 1.71768e-21
5438 2.05069e-21
5440 2.10058e-21
5442 2.10175e-21
5444 2.52312e-21
5446 2.4607e-21
5448 2.92346e-21
5450 2.61756e-21
5452 2.85351e-21
5454 3.21201e-21
5456 3.40139e-21
5458 3.66284e-21
5460 3.80796e-21
5462 4.16509e-21
5464 4.60569e-21
5466 5.18956e-21
5468 4.64712e-21
5470 4.66925e-21
5472 5.06498e-21
5474 4.29935e-21
5476 5.52798e-21
5478 6.18006e-21
5480 5.68737e-21
5482 7.15638e-21
5484 8.84861e-21
5486 7.23434e-21
5488 7.19516e-21
5490 6.42806e-21
5492 8.38117e-21
5494 8.32425e-21
5496 8.86394e-21
5498 9.49947e-21
5500 8.94171e-21
5502 8.28438e-21
5504 8.88854e-21
5506 7.80924e-21
5508 8.88975e-21
5510 9.70103e-21
5512 1.18546e-20
5514 9.48713e-21
5516 1.06074e-20
5518 1.16844e-20
5520 1.13838e-20
5522 1.04211e-20
5524 1.09857e-20
5526 1.32019e-20
5528 1.22425e-20
5530 1.18933e-20
5532 1.4701e-20
5534 1.60068e-20
5536 1.63131e-20
5538 1.35024e-20
5540 1.30418e-20
5542 1.54202e-20
5544 1.72187e-20
5546 1.48788e-20
5548 1.52532e-20
5550 1.73683e-20
5552 1.89021e-20
5554 1.98731e-20
5556 1.71042e-20
5558 1.78017e-20
5560 2.04729e-20
5562 2.10988e-20
5564 2.48385e-20
5566 2.09048e-20
5568 1.90442e-20
5570 2.28518e-20
5572 2.38844e-20
5574 2.21222e-20
5576 2.53434e-20
5578 2.54179e-20
5580 2.39298e-20
5582 2.37449e-20
5584 2.38214e-20
5586 2.28581e-20
5588 3.05294e-20
5590 3.42007e-20
5592 2.73418e-20
5594 2.29375e-20
5596 3.13171e-20
5598 3.31539e-20
5600 2.97585e-20
5602 2.91639e-20
5604 3.51398e-20
5606 3.38374e-20
5608 2.93841e-20
5610 2.81075e-20
5612 4.10184e-20
5614 3.65069e-20
5616 3.61649e-20
5618 4.16388e-20
5620 4.19459e-20
5622 4.12525e-20
5624 4.2775e-20
5626 3.83583e-20
5628 3.69026e-20
5630 3.54232e-20
5632 4.27369e-20
5634 4.88435e-20
5636 4.84728e-20
5638 4.61772e-20
5640 4.29463e-20
5642 4.15191e-20
5644 5.17747e-20
5646 5.6938e-20
5648 5.4753e-20
5650 5.40191e-20
5652 5.57316e-20
5654 5.65382e-20
5656 6.08091e-20
5658 5.91521e-20
5660 5.97368e-20
5662 6.2794e-20
5664 6.46998e-20
5666 5.88123e-20
5668 5.71723e-20
5670 6.01954e-20
5672 5.91239e-20
5674 6.51798e-20
5676 5.55774e-20
5678 4.9329e-20
5680 5.08276e-20
5682 4.85188e-20
5684 5.75502e-20
5686 6.3764e-20
5688 6.23656e-20
5690 5.74192e-20
5692 4.72283e-20
5694 4.64649e-20
5696 5.2815e-20
5698 4.92314e-20
5700 4.5232e-20
5702 4.00581e-20
5704 4.81092e-20
5706 4.20695e-20
5708 2.17383e-20
5710 9.85615e-21
5712 1.58346e-20
5714 3.47923e-20
5716 4.49067e-20
5718 4.90901e-20
5720 5.57317e-20
5722 5.73021e-20
5724 5.69992e-20
5726 6.53115e-20
5728 7.39359e-20
5730 8.45769e-20
5732 7.54362e-20
5734 6.48946e-20
5736 7.60729e-20
5738 9.20338e-20
5740 9.15403e-20
5742 8.01399e-20
5744 7.48451e-20
5746 8.3504e-20
5748 8.63794e-20
5750 7.86215e-20
5752 8.06334e-20
5754 9.30828e-20
5756 9.04378e-20
5758 9.65008e-20
5760 9.28466e-20
5762 9.49006e-20
5764 9.38568e-20
5766 8.92855e-20
5768 8.9101e-20
5770 8.4808e-20
5772 8.06389e-20
5774 7.96687e-20
5776 8.18922e-20
5778 8.61785e-20
5780 8.3435e-20
5782 7.54801e-20
5784 7.60697e-20
5786 8.93537e-20
5788 8.2198e-20
5790 7.30694e-20
5792 7.57124e-20
5794 7.95584e-20
5796 6.61821e-20
5798 5.55233e-20
5800 6.25018e-20
5802 6.08658e-20
5804 4.87018e-20
5806 4.30577e-20
5808 4.97053e-20
5810 5.03311e-20
5812 6.45299e-20
5814 6.38366e-20
5816 5.77748e-20
5818 5.24759e-20
5820 5.89357e-20
5822 7.10764e-20
5824 8.76111e-20
5826 8.73339e-20
5828 7.93849e-20
5830 8.79704e-20
5832 8.89106e-20
5834 8.57231e-20
5836 1.41729e-19
5838 1.20195e-19
5840 1.28526e-19
5842 1.41469e-19
5844 1.2284e-19
5846 1.52982e-19
5848 1.63586e-19
5850 1.57535e-19
5852 1.79871e-19
5854 1.9432e-19
5856 1.95158e-19
5858 1.78374e-19
5860 1.84878e-19
5862 1.92713e-19
5864 1.85717e-19
5866 1.87482e-19
5868 1.89704e-19
5870 2.05979e-19
5872 1.87833e-19
5874 1.88904e-19
5876 2.05126e-19
5878 2.01398e-19
5880 2.1637e-19
5882 2.09252e-19
5884 2.15901e-19
5886 2.90885e-19
5888 2.57104e-19
5890 7.99576e-20
5892 5.13176e-20
5894 1.24322e-19
5896 2.36558e-19
5898 2.48295e-19
5900 2.45717e-19
5902 3.69677e-19
5904 1.07333e-18
5906 1.63183e-18
5908 1.09432e-18
5910 1.00234e-18
5912 1.05361e-18
5914 7.677e-19
5916 5.42698e-19
5918 5.48084e-19
5920 5.14054e-19
5922 5.26417e-19
5924 5.51026e-19
5926 5.66493e-19
5928 5.83576e-19
5930 5.86031e-19
5932 6.96209e-19
5934 6.94836e-19
5936 7.34291e-19
5938 8.00176e-19
5940 9.66139e-19
5942 8.7619e-19
5944 8.02465e-19
5946 8.57703e-19
5948 8.969e-19
5950 9.76396e-19
5952 1.08115e-18
5954 1.02978e-18
5956 1.13715e-18
5958 1.08093e-18
5960 1.15896e-18
5962 1.20354e-18
5964 1.2949e-18
5966 1.24801e-18
5968 1.274e-18
5970 1.53533e-18
5972 1.57321e-18
5974 1.48485e-18
5976 1.61493e-18
5978 1.83022e-18
5980 1.65394e-18
5982 1.49469e-18
5984 1.85327e-18
5986 1.5373e-18
5988 1.83358e-18
5990 1.4883e-18
5992 1.80334e-18
5994 2.24543e-18
5996 2.16216e-18
5998 1.94082e-18
6000 2.1465e-18
6002 2.21391e-18
6004 2.14239e-18
6006 2.11059e-18
6008 2.18308e-18
6010 2.54692e-18
6012 2.63391e-18
6014 2.30667e-18
6016 2.33568e-18
6018 2.34506e-18
6020 2.29834e-18
6022 2.4374e-18
6024 2.4867e-18
6026 2.53238e-18
6028 2.57486e-18
6030 2.82267e-18
6032 2.72247e-18
6034 2.70936e-18
6036 2.77313e-18
6038 2.95225e-18
6040 2.92642e-18
6042 3.10287e-18
6044 3.1039e-18
6046 3.09492e-18
6048 3.07773e-18
6050 2.97314e-18
6052 3.21928e-18
6054 3.31241e-18
6056 3.29616e-18
6058 3.15786e-18
6060 3.81358e-18
6062 3.56746e-18
6064 3.33045e-18
6066 3.514e-18
6068 3.8204e-18
6070 4.00102e-18
6072 3.79449e-18
6074 3.8038e-18
6076 3.99541e-18
6078 3.83515e-18
6080 3.92001e-18
6082 4.15097e-18
6084 4.19035e-18
6086 4.1952e-18
6088 4.14396e-18
6090 4.18368e-18
6092 4.15052e-18
6094 4.76175e-18
6096 4.8044e-18
6098 4.45295e-18
6100 4.94652e-18
6102 5.17476e-18
6104 5.11252e-18
6106 5.40045e-18
6108 5.39775e-18
6110 5.27554e-18
6112 5.57589e-18
6114 5.42902e-18
6116 5.29012e-18
6118 5.74584e-18
6120 5.27655e-18
6122 5.37962e-18
6124 6.02377e-18
6126 6.13882e-18
6128 5.94601e-18
6130 6.86444e-18
6132 7.02928e-18
6134 6.75793e-18
6136 6.79924e-18
6138 6.66387e-18
6140 6.26754e-18
6142 6.92062e-18
6144 7.28922e-18
6146 6.48302e-18
6148 6.5842e-18
6150 7.25805e-18
6152 7.04409e-18
6154 7.61889e-18
6156 7.24979e-18
6158 7.29545e-18
6160 7.49772e-18
6162 7.93348e-18
6164 7.82859e-18
6166 8.09898e-18
6168 8.33836e-18
6170 8.37179e-18
6172 8.41475e-18
6174 8.55586e-18
6176 8.02751e-18
6178 8.45642e-18
6180 8.93811e-18
6182 8.18882e-18
6184 8.45602e-18
6186 8.16558e-18
6188 8.63102e-18
6190 9.16705e-18
6192 8.91283e-18
6194 9.26553e-18
6196 1.01413e-17
6198 9.82542e-18
6200 9.32083e-18
6202 1.03692e-17
6204 1.0623e-17
6206 1.00249e-17
6208 9.5857e-18
6210 1.07833e-17
6212 1.05693e-17
6214 1.07211e-17
6216 1.00206e-17
6218 1.11325e-17
6220 1.13256e-17
6222 1.23046e-17
6224 1.11414e-17
6226 1.25866e-17
6228 1.19679e-17
6230 1.16487e-17
6232 1.18318e-17
6234 1.2817e-17
6236 1.33427e-17
6238 1.35641e-17
6240 1.34948e-17
6242 1.36267e-17
6244 1.41059e-17
6246 1.51673e-17
6248 1.44984e-17
6250 1.39143e-17
6252 1.50358e-17
6254 1.30972e-17
6256 1.46471e-17
6258 1.57043e-17
6260 1.61615e-17
6262 1.85496e-17
6264 1.66968e-17
6266 1.62009e-17
6268 1.78695e-17
6270 1.80773e-17
6272 1.65026e-17
6274 1.78765e-17
6276 2.07293e-17
6278 2.28017e-17
6280 2.01068e-17
6282 2.0017e-17
6284 1.77637e-17
6286 2.02093e-17
6288 2.01435e-17
6290 2.02655e-17
6292 2.15878e-17
6294 1.99317e-17
6296 2.02678e-17
6298 2.05621e-17
6300 1.80969e-17
6302 1.90522e-17
6304 2.36045e-17
6306 2.21135e-17
6308 2.15988e-17
6310 2.17236e-17
6312 2.2602e-17
6314 2.23626e-17
6316 2.32136e-17
6318 2.23153e-17
6320 2.14635e-17
6322 2.23766e-17
6324 2.25472e-17
6326 2.24116e-17
6328 2.5804e-17
6330 2.4703e-17
6332 2.26425e-17
6334 2.27522e-17
6336 2.46011e-17
6338 2.47658e-17
6340 2.5727e-17
6342 2.60789e-17
6344 2.82193e-17
6346 3.08518e-17
6348 2.76628e-17
6350 2.66365e-17
6352 2.64541e-17
6354 2.66114e-17
6356 2.83457e-17
6358 2.81777e-17
6360 2.81814e-17
6362 2.92239e-17
6364 2.82094e-17
6366 2.65978e-17
6368 2.65548e-17
6370 2.68707e-17
6372 2.76805e-17
6374 3.08231e-17
6376 3.1135e-17
6378 2.84803e-17
6380 2.84266e-17
6382 2.68867e-17
6384 2.98258e-17
6386 3.0578e-17
6388 2.93055e-17
6390 3.10943e-17
6392 3.24202e-17
6394 3.09339e-17
6396 2.73636e-17
6398 2.74884e-17
6400 2.71172e-17
6402 2.71904e-17
6404 2.92625e-17
6406 2.96161e-17
6408 2.8887e-17
6410 2.74939e-17
6412 2.93071e-17
6414 3.04053e-17
6416 2.85579e-17
6418 2.60868e-17
6420 2.79714e-17
6422 2.99262e-17
6424 2.83285e-17
6426 3.10228e-17
6428 3.22299e-17
6430 3.16893e-17
6432 3.19423e-17
6434 3.11218e-17
6436 3.29277e-17
6438 3.30563e-17
6440 3.27123e-17
6442 2.91153e-17
6444 3.07651e-17
6446 3.33972e-17
6448 3.39101e-17
6450 3.03742e-17
6452 3.21276e-17
6454 3.23423e-17
6456 3.06016e-17
6458 3.08689e-17
6460 3.06262e-17
6462 3.11422e-17
6464 2.81867e-17
6466 2.66158e-17
6468 2.7466e-17
6470 2.97831e-17
6472 2.8964e-17
6474 2.85547e-17
6476 2.97969e-17
6478 2.73367e-17
6480 2.33578e-17
6482 2.53916e-17
6484 2.57694e-17
6486 2.4257e-17
6488 2.60624e-17
6490 2.55779e-17
6492 2.25218e-17
6494 2.24269e-17
6496 2.13927e-17
6498 1.77698e-17
6500 1.66302e-17
6502 1.82132e-17
6504 1.79277e-17
6506 1.69191e-17
6508 1.71283e-17
6510 1.67125e-17
6512 1.54034e-17
6514 1.51839e-17
6516 1.4464e-17
6518 1.2488e-17
6520 1.19449e-17
6522 1.07509e-17
6524 1.05764e-17
6526 9.69954e-18
6528 8.37457e-18
6530 7.13681e-18
6532 6.87009e-18
6534 6.19445e-18
6536 5.04584e-18
6538 4.19476e-18
6540 3.93839e-18
6542 3.56658e-18
6544 2.92326e-18
6546 2.48406e-18
6548 1.97393e-18
6550 1.62399e-18
6552 1.30278e-18
6554 1.08497e-18
6556 8.20303e-19
6558 5.88525e-19
6560 4.60474e-19
6562 3.37208e-19
6564 2.26437e-19
6566 1.50997e-19
6568 1.0092e-19
6570 6.00238e-20
6572 2.93172e-20
6574 9.1044e-21
6576 8.28923e-22
6578 1.07656e-23
6580 7.12012e-24
6582 2.13746e-22
6584 1.08839e-20
6586 5.61706e-20
6588 1.18132e-19
6590 1.94711e-19
6592 3.24935e-19
6594 4.39308e-19
6596 6.03966e-19
6598 8.47453e-19
6600 9.65095e-19
6602 1.42027e-18
6604 1.89648e-18
6606 2.84943e-18
6608 3.58997e-18
6610 4.5535e-18
6612 5.05559e-18
6614 6.55711e-18
6616 7.75421e-18
6618 9.13916e-18
6620 9.95418e-18
6622 1.23244e-17
6624 1.42345e-17
6626 1.42058e-17
6628 1.60119e-17
6630 1.78292e-17
6632 2.02782e-17
6634 2.45719e-17
6636 2.65981e-17
6638 2.62166e-17
6640 3.0962e-17
6642 3.5195e-17
6644 3.54008e-17
6646 3.78116e-17
6648 3.90078e-17
6650 3.9377e-17
6652 4.89906e-17
6654 4.89469e-17
6656 5.24038e-17
6658 5.49264e-17
6660 5.13913e-17
6662 5.99273e-17
6664 5.5757e-17
6666 5.92016e-17
6668 6.7181e-17
6670 7.14226e-17
6672 6.64589e-17
6674 6.54913e-17
6676 6.22442e-17
6678 7.03294e-17
6680 7.11138e-17
6682 6.56775e-17
6684 6.11975e-17
6686 6.41446e-17
6688 6.94304e-17
6690 6.87798e-17
6692 5.52854e-17
6694 2.94324e-17
6696 3.49333e-17
6698 5.61985e-17
6700 7.35107e-17
6702 8.78042e-17
6704 9.05658e-17
6706 9.18012e-17
6708 1.01592e-16
6710 1.11355e-16
6712 1.10262e-16
6714 1.09941e-16
6716 9.71185e-17
6718 1.09248e-16
6720 1.3191e-16
6722 1.29216e-16
6724 1.43499e-16
6726 1.39798e-16
6728 1.45837e-16
6730 1.60044e-16
6732 1.56102e-16
6734 1.60391e-16
6736 1.56091e-16
6738 1.63576e-16
6740 1.84928e-16
6742 1.90198e-16
6744 1.92972e-16
6746 1.84871e-16
6748 1.89374e-16
6750 2.2109e-16
6752 2.34713e-16
6754 2.19128e-16
6756 2.30457e-16
6758 2.41525e-16
6760 2.36793e-16
6762 2.4625e-16
6764 2.73847e-16
6766 2.64773e-16
6768 2.61579e-16
6770 2.76728e-16
6772 3.05616e-16
6774 3.01821e-16
6776 2.88265e-16
6778 3.17341e-16
6780 2.97231e-16
6782 3.14036e-16
6784 3.16221e-16
6786 3.18591e-16
6788 3.35307e-16
6790 3.53779e-16
6792 3.57719e-16
6794 3.3949e-16
6796 3.54908e-16
6798 3.62477e-16
6800 3.64631e-16
6802 3.82417e-16
6804 3.79898e-16
6806 3.72421e-16
6808 3.86051e-16
6810 3.83785e-16
6812 4.03548e-16
6814 4.50012e-16
6816 4.07634e-16
6818 4.28116e-16
6820 4.37204e-16
6822 4.19852e-16
6824 4.61254e-16
6826 4.55939e-16
6828 4.42013e-16
6830 4.36119e-16
6832 4.48838e-16
6834 4.70911e-16
6836 4.66512e-16
6838 4.86174e-16
6840 4.97875e-16
6842 5.06656e-16
6844 4.95509e-16
6846 4.84551e-16
6848 4.89538e-16
6850 4.99702e-16
6852 5.03331e-16
6854 5.10808e-16
6856 5.19244e-16
6858 5.2889e-16
6860 5.24069e-16
6862 4.40344e-16
6864 4.39944e-16
6866 7.00158e-16
6868 7.5198e-16
6870 5.60715e-16
6872 5.43058e-16
6874 5.59581e-16
6876 5.30077e-16
6878 4.5967e-16
6880 4.6697e-16
6882 5.59879e-16
6884 6.21462e-16
6886 6.31428e-16
6888 6.18241e-16
6890 5.65274e-16
6892 5.58169e-16
6894 5.97115e-16
6896 5.65312e-16
6898 5.68002e-16
6900 5.83634e-16
6902 6.13633e-16
6904 5.46396e-16
6906 5.59302e-16
6908 5.78795e-16
6910 5.63625e-16
6912 5.83231e-16
6914 5.65319e-16
6916 6.43045e-16
6918 6.41153e-16
6920 6.13611e-16
6922 6.93649e-16
6924 6.89487e-16
6926 6.96587e-16
6928 7.51749e-16
6930 7.0572e-16
6932 7.32532e-16
6934 7.57937e-16
6936 7.295e-16
6938 7.29913e-16
6940 6.88234e-16
6942 7.2713e-16
6944 7.02212e-16
6946 7.40626e-16
6948 7.4939e-16
6950 7.75417e-16
6952 7.75538e-16
6954 8.00824e-16
6956 8.57308e-16
6958 8.14434e-16
6960 7.81631e-16
6962 7.46871e-16
6964 7.80856e-16
6966 8.68593e-16
6968 8.0703e-16
6970 7.57685e-16
6972 7.89209e-16
6974 8.67547e-16
6976 9.03208e-16
6978 8.27254e-16
6980 8.73457e-16
6982 9.10532e-16
6984 8.44643e-16
6986 8.76664e-16
6988 8.7497e-16
6990 8.32875e-16
6992 8.74088e-16
6994 9.18962e-16
6996 9.2107e-16
6998 8.38852e-16
7000 8.11505e-16
7002 8.16815e-16
7004 7.99399e-16
7006 8.69475e-16
7008 8.52936e-16
7010 8.30586e-16
7012 8.26251e-16
7014 8.11176e-16
7016 8.16546e-16
7018 8.61813e-16
7020 7.97831e-16
7022 7.38442e-16
7024 8.15934e-16
7026 7.85698e-16
7028 7.50759e-16
7030 8.39341e-16
7032 8.31132e-16
7034 7.94012e-16
7036 7.06774e-16
7038 7.58839e-16
7040 7.74371e-16
7042 8.0224e-16
7044 7.58918e-16
7046 7.16501e-16
7048 7.60175e-16
7050 7.07922e-16
7052 7.44645e-16
7054 6.87706e-16
7056 6.81544e-16
7058 6.9399e-16
7060 6.8312e-16
7062 6.919e-16
7064 7.19987e-16
7066 6.36754e-16
7068 6.07163e-16
7070 6.54049e-16
7072 6.20199e-16
7074 6.44574e-16
7076 6.16455e-16
7078 5.22473e-16
7080 3.52838e-16
7082 1.86167e-16
7084 2.00293e-16
7086 3.64338e-16
7088 4.92521e-16
7090 5.34941e-16
7092 5.39144e-16
7094 5.78945e-16
7096 6.14715e-16
7098 5.75944e-16
7100 5.58215e-16
7102 6.015e-16
7104 5.80854e-16
7106 5.49786e-16
7108 5.47545e-16
7110 5.26085e-16
7112 5.03102e-16
7114 5.09961e-16
7116 5.06872e-16
7118 5.03151e-16
7120 5.07157e-16
7122 5.60884e-16
7124 5.6699e-16
7126 5.57962e-16
7128 5.46684e-16
7130 5.68042e-16
7132 5.98921e-16
7134 6.00395e-16
7136 6.12534e-16
7138 6.45856e-16
7140 6.7768e-16
7142 7.57758e-16
7144 8.36624e-16
7146 9.07788e-16
7148 9.038e-16
7150 8.93055e-16
7152 9.13841e-16
7154 1.00287e-15
7156 1.12088e-15
7158 1.09042e-15
7160 1.05737e-15
7162 1.15288e-15
7164 1.12781e-15
7166 1.17652e-15
7168 1.1549e-15
7170 1.24199e-15
7172 1.3111e-15
7174 1.2461e-15
7176 1.33733e-15
7178 1.30174e-15
7180 1.33986e-15
7182 1.22792e-15
7184 1.37624e-15
7186 1.33477e-15
7188 1.28923e-15
7190 1.41215e-15
7192 1.38061e-15
7194 1.46669e-15
7196 1.53652e-15
7198 1.68758e-15
7200 1.54206e-15
7202 1.52978e-15
7204 1.66176e-15
7206 1.69759e-15
7208 1.76744e-15
7210 1.61144e-15
7212 1.75537e-15
7214 2.01326e-15
7216 2.04099e-15
7218 1.98065e-15
7220 2.03276e-15
7222 2.00185e-15
7224 2.22518e-15
7226 2.25507e-15
7228 2.06096e-15
7230 2.04892e-15
7232 2.29694e-15
7234 2.39746e-15
7236 2.16416e-15
7238 2.31274e-15
7240 2.32664e-15
7242 2.34399e-15
7244 2.34548e-15
7246 2.22835e-15
7248 2.2605e-15
7250 2.31556e-15
7252 2.53512e-15
7254 2.46175e-15
7256 2.37058e-15
7258 2.51654e-15
7260 2.61322e-15
7262 2.74651e-15
7264 2.71385e-15
7266 2.63353e-15
7268 2.77428e-15
7270 2.82132e-15
7272 2.87808e-15
7274 2.98842e-15
7276 3.02117e-15
7278 2.89922e-15
7280 2.95063e-15
7282 2.92162e-15
7284 2.8442e-15
7286 2.93827e-15
7288 2.9812e-15
7290 3.02997e-15
7292 3.30184e-15
7294 3.37936e-15
7296 3.0896e-15
7298 2.69998e-15
7300 2.7181e-15
7302 2.97907e-15
7304 3.03831e-15
7306 3.35832e-15
7308 3.72557e-15
7310 3.69108e-15
7312 3.5395e-15
7314 3.45303e-15
7316 3.44443e-15
7318 3.46923e-15
7320 3.56766e-15
7322 3.62104e-15
7324 3.66897e-15
7326 3.61754e-15
7328 3.54563e-15
7330 3.83445e-15
7332 4.12499e-15
7334 4.11129e-15
7336 4.03137e-15
7338 4.05886e-15
7340 4.36784e-15
7342 4.49488e-15
7344 4.63027e-15
7346 4.10763e-15
7348 4.07629e-15
7350 4.28581e-15
7352 4.46664e-15
7354 4.48493e-15
7356 4.65648e-15
7358 4.6751e-15
7360 4.81299e-15
7362 4.82627e-15
7364 4.85876e-15
7366 4.72853e-15
7368 5.05878e-15
7370 5.10232e-15
7372 5.60916e-15
7374 5.35642e-15
7376 5.12846e-15
7378 4.99657e-15
7380 4.82948e-15
7382 5.22515e-15
7384 5.13348e-15
7386 5.12795e-15
7388 5.29391e-15
7390 5.43284e-15
7392 5.57402e-15
7394 5.30948e-15
7396 5.45405e-15
7398 5.41082e-15
7400 5.46838e-15
7402 5.568e-15
7404 5.6975e-15
7406 5.79073e-15
7408 5.83407e-15
7410 5.83456e-15
7412 6.13476e-15
7414 5.72475e-15
7416 5.60515e-15
7418 6.00333e-15
7420 6.18921e-15
7422 6.12129e-15
7424 6.03919e-15
7426 5.90373e-15
7428 5.95702e-15
7430 6.03427e-15
7432 6.23134e-15
7434 5.9749e-15
7436 6.63614e-15
7438 6.82427e-15
7440 6.4446e-15
7442 6.45669e-15
7444 6.19069e-15
7446 6.59925e-15
7448 6.94419e-15
7450 6.90131e-15
7452 6.87641e-15
7454 6.67296e-15
7456 6.88557e-15
7458 6.96936e-15
7460 6.8827e-15
7462 7.18682e-15
7464 7.05753e-15
7466 6.86308e-15
7468 7.10289e-15
7470 7.04843e-15
7472 7.13789e-15
7474 7.26244e-15
7476 7.41553e-15
7478 7.68483e-15
7480 7.42662e-15
7482 7.01974e-15
7484 7.12742e-15
7486 7.43422e-15
7488 7.61886e-15
7490 8.06586e-15
7492 7.86057e-15
7494 7.67218e-15
7496 7.38595e-15
7498 7.50601e-15
7500 7.3811e-15
7502 7.61772e-15
7504 7.64449e-15
7506 8.08254e-15
7508 8.33769e-15
7510 8.13416e-15
7512 8.27004e-15
7514 8.11978e-15
7516 8.41869e-15
7518 7.8526e-15
7520 7.79409e-15
7522 7.80774e-15
7524 8.49875e-15
7526 8.16693e-15
7528 8.11726e-15
7530 8.41231e-15
7532 8.12654e-15
7534 8.07848e-15
7536 8.0613e-15
7538 8.23627e-15
7540 8.93604e-15
7542 8.28097e-15
7544 8.78826e-15
7546 9.20516e-15
7548 8.81946e-15
7550 8.73331e-15
7552 8.92592e-15
7554 8.76449e-15
7556 8.39708e-15
7558 8.89592e-15
7560 9.16575e-15
7562 8.4115e-15
7564 8.29294e-15
7566 8.44533e-15
7568 8.61276e-15
7570 8.8252e-15
7572 8.90241e-15
7574 8.77827e-15
7576 8.99369e-15
7578 8.93112e-15
7580 8.56145e-15
7582 8.69923e-15
7584 9.20985e-15
7586 9.71018e-15
7588 7.72395e-15
7590 6.33824e-15
7592 1.01956e-14
7594 1.61004e-14
7596 1.26676e-14
7598 1.0414e-14
7600 1.25724e-14
7602 1.48037e-14
7604 1.43102e-14
7606 1.24352e-14
7608 1.11645e-14
7610 1.04182e-14
7612 1.18138e-14
7614 9.43647e-15
7616 5.03876e-15
7618 6.42245e-15
7620 1.17587e-14
7622 1.37539e-14
7624 1.31817e-14
7626 1.16652e-14
7628 1.14581e-14
7630 1.1185e-14
7632 1.15161e-14
7634 1.07486e-14
7636 9.3088e-15
7638 1.2351e-14
7640 9.26051e-15
7642 1.24929e-14
7644 9.82754e-15
7646 9.97125e-15
7648 1.17005e-14
7650 9.62623e-15
7652 1.25844e-14
7654 1.06136e-14
7656 9.69491e-15
7658 1.28596e-14
7660 9.47833e-15
7662 1.0857e-14
7664 1.31341e-14
7666 1.08908e-14
7668 1.21821e-14
7670 1.25241e-14
7672 1.10302e-14
7674 1.20658e-14
7676 1.33425e-14
7678 1.22295e-14
7680 1.2676e-14
7682 1.24475e-14
7684 1.19334e-14
7686 1.30947e-14
7688 1.43404e-14
7690 1.25804e-14
7692 1.36069e-14
7694 1.513e-14
7696 1.33553e-14
7698 1.36824e-14
7700 1.39945e-14
7702 1.37425e-14
7704 1.38951e-14
7706 1.36989e-14
7708 1.4533e-14
7710 1.44091e-14
7712 1.37045e-14
7714 1.39566e-14
7716 1.44989e-14
7718 1.62841e-14
7720 1.52823e-14
7722 1.41024e-14
7724 1.50979e-14
7726 1.45064e-14
7728 1.32936e-14
7730 1.42138e-14
7732 1.53185e-14
7734 1.48936e-14
7736 1.51457e-14
7738 1.50583e-14
7740 1.55056e-14
7742 1.55623e-14
7744 1.5036e-14
7746 1.51369e-14
7748 1.53497e-14
7750 1.58282e-14
7752 1.58437e-14
7754 1.56592e-14
7756 1.57393e-14
7758 1.53217e-14
7760 1.48971e-14
7762 1.61097e-14
7764 1.5631e-14
7766 1.49899e-14
7768 1.62713e-14
7770 1.6494e-14
7772 1.65518e-14
7774 1.59518e-14
7776 1.65147e-14
7778 1.70961e-14
7780 1.73826e-14
7782 1.7374e-14
7784 1.64958e-14
7786 1.73082e-14
7788 1.85204e-14
7790 1.76686e-14
7792 1.82987e-14
7794 1.88093e-14
7796 1.86867e-14
7798 1.94941e-14
7800 1.9006e-14
7802 1.8568e-14
7804 1.91347e-14
7806 1.93431e-14
7808 1.86469e-14
7810 1.89663e-14
7812 2.06313e-14
7814 2.0217e-14
7816 2.13226e-14
7818 2.12662e-14
7820 2.18072e-14
7822 2.30722e-14
7824 2.24196e-14
7826 2.14599e-14
7828 2.23055e-14
7830 2.14623e-14
7832 2.05797e-14
7834 2.16534e-14
7836 2.07279e-14
7838 2.22111e-14
7840 2.2385e-14
7842 2.22437e-14
7844 2.30055e-14
7846 2.26849e-14
7848 2.2052e-14
7850 2.2543e-14
7852 2.2478e-14
7854 2.13808e-14
7856 2.15664e-14
7858 2.22557e-14
7860 2.25757e-14
7862 2.28308e-14
7864 2.36644e-14
7866 2.21481e-14
7868 2.28886e-14
7870 2.47392e-14
7872 2.39682e-14
7874 2.36703e-14
7876 2.32142e-14
7878 2.29615e-14
7880 2.33564e-14
7882 2.38525e-14
7884 2.39972e-14
7886 2.57444e-14
7888 2.45277e-14
7890 2.43877e-14
7892 2.36706e-14
7894 2.3539e-14
7896 2.49054e-14
7898 2.47075e-14
7900 2.46373e-14
7902 2.56409e-14
7904 2.45543e-14
7906 2.52508e-14
7908 2.56934e-14
7910 2.34807e-14
7912 2.62813e-14
7914 2.83866e-14
7916 2.59067e-14
7918 2.64097e-14
7920 2.69617e-14
7922 2.80729e-14
7924 2.89054e-14
7926 2.82665e-14
7928 2.86232e-14
7930 2.78869e-14
7932 2.74012e-14
7934 2.76981e-14
7936 2.72778e-14
7938 2.79627e-14
7940 2.76021e-14
7942 2.63531e-14
7944 2.82521e-14
7946 2.76614e-14
7948 2.89848e-14
7950 3.09767e-14
7952 3.06641e-14
7954 3.19636e-14
7956 3.16826e-14
7958 3.06197e-14
7960 2.9537e-14
7962 2.88451e-14
7964 2.96131e-14
7966 2.95505e-14
7968 3.0964e-14
7970 3.13174e-14
7972 3.115e-14
7974 3.19598e-14
7976 3.09197e-14
7978 3.06633e-14
7980 3.10498e-14
7982 3.11809e-14
7984 3.04349e-14
7986 2.99347e-14
7988 3.15122e-14
7990 3.2429e-14
7992 3.12018e-14
7994 3.26361e-14
7996 3.17786e-14
7998 3.09663e-14
8000 3.22205e-14
8002 3.16881e-14
8004 3.35693e-14
8006 3.27232e-14
8008 3.38336e-14
8010 3.47786e-14
8012 3.31815e-14
8014 3.28082e-14
8016 3.25328e-14
8018 3.34466e-14
8020 3.48813e-14
8022 3.40491e-14
8024 3.53713e-14
8026 3.45576e-14
8028 3.3513e-14
8030 3.46907e-14
8032 3.39462e-14
8034 3.57844e-14
8036 3.31378e-14
8038 3.50986e-14
8040 3.67717e-14
8042 3.64103e-14
8044 3.70975e-14
8046 3.70237e-14
8048 3.762e-14
8050 3.56958e-14
8052 3.5303e-14
8054 3.60091e-14
8056 3.48372e-14
8058 3.98573e-14
8060 3.87495e-14
8062 3.84319e-14
8064 3.78608e-14
8066 3.53656e-14
8068 3.8272e-14
8070 4.0957e-14
8072 4.13007e-14
8074 3.9478e-14
8076 4.05408e-14
8078 3.75952e-14
8080 3.78661e-14
8082 3.79637e-14
8084 3.96365e-14
8086 3.97713e-14
8088 3.64461e-14
8090 3.8038e-14
8092 3.93681e-14
8094 3.9883e-14
8096 4.05054e-14
8098 3.89666e-14
8100 3.85193e-14
8102 3.97722e-14
8104 3.99809e-14
8106 3.72065e-14
8108 4.15021e-14
8110 4.05565e-14
8112 3.90756e-14
8114 4.14674e-14
8116 3.98659e-14
8118 3.93887e-14
8120 3.99968e-14
8122 4.25935e-14
8124 4.34627e-14
8126 4.14734e-14
8128 3.94301e-14
8130 3.8874e-14
8132 4.11198e-14
8134 4.04346e-14
8136 4.0581e-14
8138 4.24873e-14
8140 4.06987e-14
8142 3.9402e-14
8144 4.18242e-14
8146 4.32337e-14
8148 4.10163e-14
8150 4.16598e-14
8152 4.30476e-14
8154 4.20685e-14
8156 4.09801e-14
8158 4.00364e-14
8160 4.30092e-14
8162 4.32098e-14
8164 4.12631e-14
8166 4.13551e-14
8168 4.25823e-14
8170 4.20056e-14
8172 3.97477e-14
8174 4.30788e-14
8176 4.34259e-14
8178 4.04999e-14
8180 4.01689e-14
8182 4.42939e-14
8184 4.05039e-14
8186 4.0819e-14
8188 4.21137e-14
8190 4.36221e-14
8192 4.49289e-14
8194 4.1105e-14
8196 4.16542e-14
8198 4.2884e-14
8200 4.33113e-14
8202 4.10147e-14
8204 4.29388e-14
8206 4.08664e-14
8208 4.42651e-14
8210 4.73496e-14
8212 4.30601e-14
8214 3.97522e-14
8216 4.04354e-14
8218 4.0822e-14
8220 4.1973e-14
8222 4.09551e-14
8224 4.19254e-14
8226 4.41127e-14
8228 4.43199e-14
8230 4.08823e-14
8232 4.0581e-14
8234 4.05589e-14
8236 4.06925e-14
8238 4.06655e-14
8240 4.45559e-14
8242 4.53909e-14
8244 4.21928e-14
8246 4.11593e-14
8248 3.89446e-14
8250 3.86996e-14
8252 3.58776e-14
8254 3.57128e-14
8256 3.72243e-14
8258 3.87481e-14
8260 4.15038e-14
8262 4.52474e-14
8264 4.8531e-14
8266 4.85324e-14
8268 4.52076e-14
8270 4.48236e-14
8272 4.93638e-14
8274 4.98613e-14
8276 4.75157e-14
8278 4.55867e-14
8280 4.83605e-14
8282 4.72085e-14
8284 4.67199e-14
8286 4.90492e-14
8288 5.01314e-14
8290 5.46974e-14
8292 5.64648e-14
8294 5.6948e-14
8296 5.52055e-14
8298 5.26871e-14
8300 5.16693e-14
8302 5.63656e-14
8304 5.77424e-14
8306 5.52775e-14
8308 5.72675e-14
8310 5.81725e-14
8312 5.43195e-14
8314 5.28807e-14
8316 5.68511e-14
8318 5.87957e-14
8320 5.89275e-14
8322 6.00188e-14
8324 6.5396e-14
8326 6.2899e-14
8328 5.89713e-14
8330 5.87286e-14
8332 6.64965e-14
8334 6.58043e-14
8336 6.24799e-14
8338 6.39302e-14
8340 6.44343e-14
8342 6.36248e-14
8344 6.2821e-14
8346 6.68283e-14
8348 7.11493e-14
8350 7.14783e-14
8352 6.44781e-14
8354 6.95972e-14
8356 6.48946e-14
8358 7.04325e-14
8360 6.74426e-14
8362 6.94004e-14
8364 6.64578e-14
8366 6.63388e-14
8368 6.62321e-14
8370 6.54877e-14
8372 6.87168e-14
8374 7.76462e-14
8376 7.64806e-14
8378 6.97051e-14
8380 6.82178e-14
8382 6.81051e-14
8384 7.11245e-14
8386 6.84509e-14
8388 7.04949e-14
8390 7.52133e-14
8392 7.65098e-14
8394 8.23264e-14
8396 8.72047e-14
8398 8.34791e-14
8400 8.145e-14
8402 9.37172e-14
8404 8.95533e-14
8406 7.77212e-14
8408 7.82694e-14
8410 8.42699e-14
8412 8.38401e-14
8414 8.12714e-14
8416 8.66234e-14
8418 9.15709e-14
8420 9.27892e-14
8422 9.27989e-14
8424 9.76218e-14
8426 9.55526e-14
8428 9.29885e-14
8430 9.28253e-14
8432 8.94625e-14
8434 8.44733e-14
8436 8.22069e-14
8438 8.80551e-14
8440 9.16062e-14
8442 8.98531e-14
8444 9.13898e-14
8446 9.21663e-14
8448 9.40817e-14
8450 9.78736e-14
8452 9.85654e-14
8454 1.01772e-13
8456 1.00842e-13
8458 1.01064e-13
8460 1.03071e-13
8462 1.05395e-13
8464 1.00714e-13
8466 9.27194e-14
8468 9.55575e-14
8470 9.47424e-14
8472 9.55902e-14
8474 9.43589e-14
8476 9.49461e-14
8478 9.38445e-14
8480 9.09036e-14
8482 9.93937e-14
8484 9.81431e-14
8486 9.80792e-14
8488 9.54287e-14
8490 9.49288e-14
8492 9.82294e-14
8494 1.07175e-13
8496 9.93773e-14
8498 1.01654e-13
8500 1.02207e-13
8502 1.01907e-13
8504 1.0755e-13
8506 1.07775e-13
8508 1.08025e-13
8510 1.09434e-13
8512 1.1476e-13
8514 1.12853e-13
8516 1.14533e-13
8518 1.15602e-13
8520 1.15329e-13
8522 1.14807e-13
8524 1.15727e-13
8526 1.09896e-13
8528 1.09472e-13
8530 1.21576e-13
8532 1.21892e-13
8534 1.17751e-13
8536 1.17165e-13
8538 1.18963e-13
8540 1.1859e-13
8542 1.16954e-13
8544 1.15654e-13
8546 1.18461e-13
8548 1.17894e-13
8550 1.14809e-13
8552 1.13125e-13
8554 1.21191e-13
8556 1.2785e-13
8558 1.2425e-13
8560 1.24016e-13
8562 1.20627e-13
8564 1.1334e-13
8566 1.14791e-13
8568 1.1613e-13
8570 1.21989e-13
8572 1.26997e-13
8574 1.23666e-13
8576 1.22049e-13
8578 1.28575e-13
8580 1.39717e-13
8582 1.41862e-13
8584 1.37594e-13
8586 1.40198e-13
8588 1.46522e-13
8590 1.39873e-13
8592 1.2886e-13
8594 1.22784e-13
8596 1.24758e-13
8598 1.23263e-13
8600 1.24035e-13
8602 1.27737e-13
8604 1.23633e-13
8606 1.1923e-13
8608 1.26837e-13
8610 1.28758e-13
8612 1.31204e-13
8614 1.2938e-13
8616 1.3177e-13
8618 1.19781e-13
8620 1.15332e-13
8622 1.20443e-13
8624 1.30237e-13
8626 1.32757e-13
8628 1.38015e-13
8630 1.39564e-13
8632 1.39931e-13
8634 1.51468e-13
8636 1.41913e-13
8638 1.46318e-13
8640 1.57257e-13
8642 1.52058e-13
8644 1.4775e-13
8646 1.50323e-13
8648 1.55774e-13
8650 1.58073e-13
8652 1.54256e-13
8654 1.57461e-13
8656 1.52216e-13
8658 1.6106e-13
8660 1.57989e-13
8662 1.5274e-13
8664 1.53892e-13
8666 1.60079e-13
8668 1.50979e-13
8670 1.45063e-13
8672 1.53088e-13
8674 1.48319e-13
8676 1.58948e-13
8678 1.59417e-13
8680 1.63065e-13
8682 1.5647e-13
8684 1.47651e-13
8686 1.4813e-13
8688 1.50118e-13
8690 1.57047e-13
8692 1.61603e-13
8694 1.7469e-13
8696 1.71443e-13
8698 1.71011e-13
8700 1.72682e-13
8702 1.64945e-13
8704 1.71429e-13
8706 1.65307e-13
8708 1.68784e-13
8710 1.62595e-13
8712 1.62256e-13
8714 1.66372e-13
8716 1.6763e-13
8718 1.69316e-13
8720 1.74484e-13
8722 1.72365e-13
8724 1.71656e-13
8726 1.7075e-13
8728 1.65297e-13
8730 1.63333e-13
8732 1.72102e-13
8734 1.69582e-13
8736 1.6006e-13
8738 1.61927e-13
8740 1.69711e-13
8742 1.82839e-13
8744 1.83803e-13
8746 1.80072e-13
8748 1.86848e-13
8750 1.84487e-13
8752 1.82773e-13
8754 1.8259e-13
8756 1.80778e-13
8758 1.87479e-13
8760 1.86957e-13
8762 1.91447e-13
8764 1.937e-13
8766 1.98495e-13
8768 1.90731e-13
8770 1.75215e-13
8772 1.67402e-13
8774 1.8437e-13
8776 1.88134e-13
8778 1.93321e-13
8780 2.03598e-13
8782 1.97533e-13
8784 1.93472e-13
8786 1.97507e-13
8788 1.97326e-13
8790 1.96322e-13
8792 1.97642e-13
8794 2.07691e-13
8796 2.0882e-13
8798 2.06503e-13
8800 1.78915e-13
8802 1.75764e-13
8804 1.76094e-13
8806 1.79637e-13
8808 1.86968e-13
8810 1.8381e-13
8812 1.80282e-13
8814 1.81898e-13
8816 1.81068e-13
8818 1.78751e-13
8820 1.85117e-13
8822 1.92086e-13
8824 1.90979e-13
8826 1.97294e-13
8828 1.9774e-13
8830 1.89214e-13
8832 1.91295e-13
8834 1.84673e-13
8836 1.88372e-13
8838 1.84297e-13
8840 1.9468e-13
8842 1.95307e-13
8844 1.89948e-13
8846 1.97125e-13
8848 1.89619e-13
8850 1.80301e-13
8852 1.69156e-13
8854 1.63331e-13
8856 1.704e-13
8858 1.65592e-13
8860 1.84671e-13
8862 1.86096e-13
8864 1.74489e-13
8866 1.68605e-13
8868 1.70774e-13
8870 1.83112e-13
8872 1.90848e-13
8874 1.97086e-13
8876 2.02365e-13
8878 1.96356e-13
8880 1.93538e-13
8882 1.82117e-13
8884 1.78566e-13
8886 1.73946e-13
8888 1.85515e-13
8890 1.98536e-13
8892 1.9688e-13
8894 2.01824e-13
8896 2.06907e-13
8898 2.17793e-13
8900 2.11648e-13
8902 2.20818e-13
8904 2.27247e-13
8906 2.18484e-13
8908 2.26409e-13
8910 2.39416e-13
8912 2.29945e-13
8914 2.18778e-13
8916 2.1468e-13
8918 2.10397e-13
8920 2.14273e-13
8922 2.30275e-13
8924 2.26084e-13
8926 2.24526e-13
8928 2.2266e-13
8930 2.37696e-13
8932 2.26561e-13
8934 2.14066e-13
8936 2.18232e-13
8938 2.32658e-13
8940 2.33987e-13
8942 2.4019e-13
8944 2.3972e-13
8946 2.14347e-13
