5180 5.1951e-21
5182 5.30838e-21
5184 5.44335e-21
5186 5.46383e-21
5188 5.5575e-21
5190 5.13914e-21
5192 3.91699e-21
5194 4.31262e-21
5196 3.27657e-21
5198 3.61378e-21
5200 4.08635e-21
5202 2.83975e-21
5204 2.59086e-21
5206 3.63489e-21
5208 3.57716e-21
5210 2.87677e-21
5212 3.48107e-21
5214 3.76403e-21
5216 3.0039e-21
5218 3.28257e-21
5220 2.79085e-21
5222 3.07401e-21
5224 2.72943e-21
5226 2.52508e-21
5228 2.4188e-21
5230 1.92773e-21
5232 1.85684e-21
5234 3.11271e-21
5236 3.35109e-21
5238 2.71239e-21
5240 2.04156e-21
5242 2.22028e-21
5244 2.58636e-21
5246 2.40201e-21
5248 2.74448e-21
5250 2.49406e-21
5252 3.18707e-21
5254 3.02939e-21
5256 2.71196e-21
5258 2.89633e-21
5260 2.52286e-21
5262 2.76935e-21
5264 3.40394e-21
5266 3.31734e-21
5268 4.43007e-21
5270 3.57668e-21
5272 2.93712e-21
5274 2.67551e-21
5276 3.42871e-21
5278 4.77076e-21
5280 4.27983e-21
5282 3.74999e-21
5284 3.58387e-21
5286 2.87712e-21
5288 5.58562e-21
5290 3.89498e-21
5292 4.09907e-21
5294 4.33753e-21
5296 3.54729e-21
5298 3.62892e-21
5300 4.83263e-21
5302 6.35826e-21
5304 5.40239e-21
5306 4.35953e-21
5308 4.2638e-21
5310 5.06757e-21
5312 4.73764e-21
5314 4.49534e-21
5316 5.53356e-21
5318 4.51055e-21
5320 5.28967e-21
5322 5.3904e-21
5324 4.22967e-21
5326 4.74531e-21
5328 5.10326e-21
5330 4.94221e-21
5332 4.81735e-21
5334 5.57083e-21
5336 5.38159e-21
5338 6.89216e-21
5340 5.55038e-21
5342 5.29336e-21
5344 4.57159e-21
5346 6.57187e-21
5348 8.67064e-21
5350 6.50876e-21
5352 6.52161e-21
5354 7.69112e-21
5356 8.05129e-21
5358 8.27991e-21
5360 8.12136e-21
5362 8.92733e-21
5364 7.51428e-21
5366 5.8317e-21
5368 7.22035e-21
5370 7.36409e-21
5372 7.40976e-21
5374 9.74831e-21
5376 9.87222e-21
5378 1.13965e-20
5380 1.12441e-20
5382 1.29032e-20
5384 1.32854e-20
5386 9.54664e-21
5388 1.04409e-20
5390 1.17658e-20
5392 1.43344e-20
5394 1.18866e-20
5396 1.14313e-20
5398 1.26936e-20
5400 1.12064e-20
5402 1.08869e-20
5404 1.12612e-20
5406 1.08728e-20
5408 1.16668e-20
5410 1.0779e-20
5412 1.0607e-20
5414 9.42886e-21
5416 8.16858e-21
5418 9.41587e-21
5420 9.44044e-21
5422 6.68339e-21
5424 4.88766e-21
5426 5.7887e-21
5428 8.45862e-21
5430 9.84536e-21
5432 1.16408e-20
5434 1.67706e-20
5436 1.6294e-20
5438 1.9453e-20
5440 1.99262e-20
5442 1.99373e-20
5444 2.39345e-20
5446 2.33423e-20
5448 2.77321e-20
5450 2.48304e-20
5452 2.70686e-20
5454 3.04693e-20
5456 3.22658e-20
5458 3.47459e-20
5460 3.61226e-20
5462 3.95103e-20
5464 4.36899e-20
5466 4.92284e-20
5468 4.40828e-20
5470 4.42928e-20
5472 4.80467e-20
5474 4.07839e-20
5476 5.24387e-20
5478 5.86245e-20
5480 5.39507e-20
5482 6.78858e-20
5484 8.39384e-20
5486 6.86253e-20
5488 6.82538e-20
5490 6.0977e-20
5492 7.95042e-20
5494 7.89644e-20
5496 8.40839e-20
5498 9.01126e-20
5500 8.48215e-20
5502 7.85861e-20
5504 8.43172e-20
5506 7.40789e-20
5508 8.43287e-20
5510 9.20245e-20
5512 1.12454e-19
5514 8.99955e-20
5516 1.00622e-19
5518 1.10839e-19
5520 1.07987e-19
5522 9.88555e-20
5524 1.04211e-19
5526 1.25234e-19
5528 1.16133e-19
5530 1.12821e-19
5532 1.39455e-19
5534 1.51841e-19
5536 1.54747e-19
5538 1.28084e-19
5540 1.23715e-19
5542 1.46277e-19
5544 1.63338e-19
5546 1.41141e-19
5548 1.44693e-19
5550 1.64756e-19
5552 1.79306e-19
5554 1.88518e-19
5556 1.62251e-19
5558 1.68868e-19
5560 1.94207e-19
5562 2.00144e-19
5564 2.3562e-19
5566 1.98304e-19
5568 1.80655e-19
5570 2.16773e-19
5572 2.26569e-19
5574 2.09852e-19
5576 2.40409e-19
5578 2.41116e-19
5580 2.26999e-19
5582 2.25246e-19
5584 2.25971e-19
5586 2.16833e-19
5588 2.89604e-19
5590 3.2443e-19
5592 2.59366e-19
5594 2.17587e-19
5596 2.97076e-19
5598 3.145e-19
5600 2.82291e-19
5602 2.7665e-19
5604 3.33338e-19
5606 3.20984e-19
5608 2.78739e-19
5610 2.66629e-19
5612 3.89103e-19
5614 3.46307e-19
5616 3.43063e-19
5618 3.94988e-19
5620 3.97902e-19
5622 3.91324e-19
5624 4.05766e-19
5626 3.63869e-19
5628 3.50061e-19
5630 3.36027e-19
5632 4.05404e-19
5634 4.63333e-19
5636 4.59816e-19
5638 4.3804e-19
5640 4.07391e-19
5642 3.93853e-19
5644 4.91138e-19
5646 5.40117e-19
5648 5.1939e-19
5650 5.12429e-19
5652 5.28673e-19
5654 5.36325e-19
5656 5.76839e-19
5658 5.6112e-19
5660 5.66667e-19
5662 5.95667e-19
5664 6.13746e-19
5666 5.57897e-19
5668 5.4234e-19
5670 5.71017e-19
5672 5.60853e-19
5674 6.18299e-19
5676 5.27211e-19
5678 4.67938e-19
5680 4.82153e-19
5682 4.60252e-19
5684 5.45925e-19
5686 6.04869e-19
5688 5.91604e-19
5690 5.44682e-19
5692 4.4801e-19
5694 4.40769e-19
5696 5.01006e-19
5698 4.67012e-19
5700 4.29073e-19
5702 3.79994e-19
5704 4.56366e-19
5706 3.99074e-19
5708 2.06211e-19
5710 9.3496e-20
5712 1.50208e-19
5714 3.30042e-19
5716 4.25988e-19
5718 4.65672e-19
5720 5.28674e-19
5722 5.43571e-19
5724 5.40698e-19
5726 6.19549e-19
5728 7.01361e-19
5730 8.02301e-19
5732 7.15592e-19
5734 6.15594e-19
5736 7.21632e-19
5738 8.73038e-19
5740 8.68357e-19
5742 7.60212e-19
5744 7.09985e-19
5746 7.92124e-19
5748 8.194e-19
5750 7.45808e-19
5752 7.64893e-19
5754 8.82989e-19
5756 8.57898e-19
5758 9.15412e-19
5760 8.80748e-19
5762 9.00233e-19
5764 8.90332e-19
5766 8.46968e-19
5768 8.45218e-19
5770 8.04494e-19
5772 7.64945e-19
5774 7.55742e-19
5776 7.76834e-19
5778 8.17494e-19
5780 7.9147e-19
5782 7.16008e-19
5784 7.21601e-19
5786 8.47614e-19
5788 7.79735e-19
5790 6.93141e-19
5792 7.18213e-19
5794 7.54696e-19
5796 6.27808e-19
5798 5.26698e-19
5800 5.92895e-19
5802 5.77376e-19
5804 4.61988e-19
5806 4.08448e-19
5808 4.71508e-19
5810 4.77443e-19
5812 6.12134e-19
5814 6.05558e-19
5816 5.48055e-19
5818 4.97789e-19
5820 5.59068e-19
5822 6.74235e-19
5824 8.31084e-19
5826 8.28455e-19
5828 7.5305e-19
5830 8.34493e-19
5832 8.43411e-19
5834 8.13174e-19
5836 1.34445e-18
5838 1.14017e-18
5840 1.21921e-18
5842 1.34198e-18
5844 1.16526e-18
5846 1.4512e-18
5848 1.55178e-18
5850 1.49439e-18
5852 1.70627e-18
5854 1.84333e-18
5856 1.85128e-18
5858 1.69206e-18
5860 1.75376e-18
5862 1.82809e-18
5864 1.76172e-18
5866 1.77846e-18
5868 1.79954e-18
5870 1.95393e-18
5872 1.78179e-18
5874 1.79195e-18
5876 1.94584e-18
5878 1.91048e-18
5880 2.0525e-18
5882 1.98498e-18
5884 2.04805e-18
5886 2.75935e-18
5888 2.4389e-18
5890 7.58482e-19
5892 4.86802e-19
5894 1.17933e-18
5896 2.24401e-18
5898 2.35534e-18
5900 2.33089e-18
5902 3.50678e-18
5904 1.01817e-17
5906 1.54797e-17
5908 1.03807e-17
5910 9.5083e-18
5912 9.99463e-18
5914 7.28245e-18
5916 5.14807e-18
5918 5.19916e-18
5920 4.87635e-18
5922 4.99363e-18
5924 5.22707e-18
5926 5.37378e-18
5928 5.53583e-18
5930 5.55913e-18
5932 6.60428e-18
5934 6.59125e-18
5936 6.96553e-18
5938 7.59052e-18
5940 9.16485e-18
5942 8.31159e-18
5944 7.61223e-18
5946 8.13622e-18
5948 8.50804e-18
5950 9.26215e-18
5952 1.02558e-17
5954 9.76857e-18
5956 1.07871e-17
5958 1.02537e-17
5960 1.09939e-17
5962 1.14169e-17
5964 1.22835e-17
5966 1.18387e-17
5968 1.20853e-17
5970 1.45643e-17
5972 1.49235e-17
5974 1.40854e-17
5976 1.53193e-17
5978 1.73615e-17
5980 1.56894e-17
5982 1.41787e-17
5984 1.75802e-17
5986 1.45829e-17
5988 1.73935e-17
5990 1.41181e-17
5992 1.71066e-17
5994 2.13003e-17
5996 2.05103e-17
5998 1.84107e-17
6000 2.03618e-17
6002 2.10013e-17
6004 2.03228e-17
6006 2.00212e-17
6008 2.07088e-17
6010 2.41602e-17
6012 2.49854e-17
6014 2.18812e-17
6016 2.21564e-17
6018 2.22453e-17
6020 2.18022e-17
6022 2.31213e-17
6024 2.3589e-17
6026 2.40223e-17
6028 2.44253e-17
6030 2.6776e-17
6032 2.58255e-17
6034 2.57011e-17
6036 2.63061e-17
6038 2.80052e-17
6040 2.77602e-17
6042 2.9434e-17
6044 2.94438e-17
6046 2.93586e-17
6048 2.91956e-17
6050 2.82034e-17
6052 3.05383e-17
6054 3.14217e-17
6056 3.12676e-17
6058 2.99557e-17
6060 3.61759e-17
6062 3.38411e-17
6064 3.15929e-17
6066 3.3334e-17
6068 3.62405e-17
6070 3.7954e-17
6072 3.59948e-17
6074 3.6083e-17
6076 3.79007e-17
6078 3.63805e-17
6080 3.71855e-17
6082 3.93763e-17
6084 3.97499e-17
6086 3.97959e-17
6088 3.93098e-17
6090 3.96867e-17
6092 3.93721e-17
6094 4.51703e-17
6096 4.55748e-17
6098 4.2241e-17
6100 4.6923e-17
6102 4.90881e-17
6104 4.84976e-17
6106 5.1229e-17
6108 5.12033e-17
6110 5.0044e-17
6112 5.28932e-17
6114 5.15e-17
6116 5.01824e-17
6118 5.45054e-17
6120 5.00537e-17
6122 5.10314e-17
6124 5.71419e-17
6126 5.82332e-17
6128 5.64042e-17
6130 6.51164e-17
6132 6.66802e-17
6134 6.41061e-17
6136 6.4498e-17
6138 6.32139e-17
6140 5.94543e-17
6142 6.56494e-17
6144 6.9146e-17
6146 6.14983e-17
6148 6.24582e-17
6150 6.88503e-17
6152 6.68207e-17
6154 7.22733e-17
6156 6.8772e-17
6158 6.92051e-17
6160 7.11238e-17
6162 7.52575e-17
6164 7.42625e-17
6166 7.68274e-17
6168 7.90982e-17
6170 7.94153e-17
6172 7.98228e-17
6174 8.11614e-17
6176 7.61494e-17
6178 8.02181e-17
6180 8.47874e-17
6182 7.76797e-17
6184 8.02143e-17
6186 7.74591e-17
6188 8.18744e-17
6190 8.69591e-17
6192 8.45476e-17
6194 8.78934e-17
6196 9.62011e-17
6198 9.32045e-17
6200 8.8418e-17
6202 9.83629e-17
6204 1.0077e-16
6206 9.50972e-17
6208 9.09305e-17
6210 1.02291e-16
6212 1.00261e-16
6214 1.01701e-16
6216 9.5056e-17
6218 1.05603e-16
6220 1.07435e-16
6222 1.16722e-16
6224 1.05688e-16
6226 1.19397e-16
6228 1.13528e-16
6230 1.105e-16
6232 1.12237e-16
6234 1.21582e-16
6236 1.2657e-16
6238 1.2867e-16
6240 1.28013e-16
6242 1.29264e-16
6244 1.33809e-16
6246 1.43878e-16
6248 1.37533e-16
6250 1.31992e-16
6252 1.4263e-16
6254 1.24241e-16
6256 1.38944e-16
6258 1.48972e-16
6260 1.53309e-16
6262 1.75963e-16
6264 1.58386e-16
6266 1.53682e-16
6268 1.69511e-16
6270 1.71482e-16
6272 1.56545e-16
6274 1.69578e-16
6276 1.9664e-16
6278 2.16298e-16
6280 1.90734e-16
6282 1.89883e-16
6284 1.68507e-16
6286 1.91707e-16
6288 1.91082e-16
6290 1.9224e-16
6292 2.04784e-16
6294 1.89073e-16
6296 1.92261e-16
6298 1.95053e-16
6300 1.71668e-16
6302 1.8073e-16
6304 2.23914e-16
6306 2.0977e-16
6308 2.04888e-16
6310 2.06071e-16
6312 2.14404e-16
6314 2.12133e-16
6316 2.20206e-16
6318 2.11684e-16
6320 2.03604e-16
6322 2.12266e-16
6324 2.13884e-16
6326 2.12598e-16
6328 2.44778e-16
6330 2.34334e-16
6332 2.14788e-16
6334 2.15829e-16
6336 2.33367e-16
6338 2.3493e-16
6340 2.44048e-16
6342 2.47386e-16
6344 2.6769e-16
6346 2.92662e-16
6348 2.62411e-16
6350 2.52676e-16
6352 2.50946e-16
6354 2.52437e-16
6356 2.68889e-16
6358 2.67295e-16
6360 2.67331e-16
6362 2.7722e-16
6364 2.67596e-16
6366 2.52308e-16
6368 2.51901e-16
6370 2.54897e-16
6372 2.62579e-16
6374 2.9239e-16
6376 2.95348e-16
6378 2.70166e-16
6380 2.69656e-16
6382 2.55049e-16
6384 2.8293e-16
6386 2.90065e-16
6388 2.77993e-16
6390 2.94962e-16
6392 3.0754e-16
6394 2.93441e-16
6396 2.59573e-16
6398 2.60756e-16
6400 2.57236e-16
6402 2.5793e-16
6404 2.77586e-16
6406 2.8094e-16
6408 2.74024e-16
6410 2.60809e-16
6412 2.78009e-16
6414 2.88426e-16
6416 2.70902e-16
6418 2.47461e-16
6420 2.65338e-16
6422 2.83882e-16
6424 2.68726e-16
6426 2.94284e-16
6428 3.05735e-16
6430 3.00607e-16
6432 3.03006e-16
6434 2.95223e-16
6436 3.12354e-16
6438 3.13574e-16
6440 3.1031e-16
6442 2.76189e-16
6444 2.9184e-16
6446 3.16808e-16
6448 3.21673e-16
6450 2.88132e-16
6452 3.04764e-16
6454 3.06801e-16
6456 2.90288e-16
6458 2.92824e-16
6460 2.90522e-16
6462 2.95417e-16
6464 2.67381e-16
6466 2.52479e-16
6468 2.60544e-16
6470 2.82524e-16
6472 2.74755e-16
6474 2.70872e-16
6476 2.82655e-16
6478 2.59317e-16
6480 2.21574e-16
6482 2.40866e-16
6484 2.4445e-16
6486 2.30103e-16
6488 2.4723e-16
6490 2.42634e-16
6492 2.13643e-16
6494 2.12743e-16
6496 2.02932e-16
6498 1.68566e-16
6500 1.57755e-16
6502 1.72772e-16
6504 1.70064e-16
6506 1.60495e-16
6508 1.6248e-16
6510 1.58536e-16
6512 1.46118e-16
6514 1.44035e-16
6516 1.37206e-16
6518 1.18461e-16
6520 1.1331e-16
6522 1.01983e-16
6524 1.00328e-16
6526 9.20104e-17
6528 7.94417e-17
6530 6.77002e-17
6532 6.517e-17
6534 5.87609e-17
6536 4.78651e-17
6538 3.97917e-17
6540 3.73598e-17
6542 3.38327e-17
6544 2.77302e-17
6546 2.35639e-17
6548 1.87248e-17
6550 1.54053e-17
6552 1.23582e-17
6554 1.02921e-17
6556 7.78144e-18
6558 5.58278e-18
6560 4.36808e-18
6562 3.19878e-18
6564 2.14799e-18
6566 1.43237e-18
6568 9.57335e-19
6570 5.69389e-19
6572 2.78105e-19
6574 8.63649e-20
6576 7.86321e-21
6578 1.02123e-22
6580 6.75419e-23
6582 2.0276e-21
6584 1.03246e-19
6586 5.32837e-19
6588 1.12061e-18
6590 1.84704e-18
6592 3.08235e-18
6594 4.1673e-18
6596 5.72926e-18
6598 8.03899e-18
6600 9.15495e-18
6602 1.34728e-17
6604 1.79901e-17
6606 2.70299e-17
6608 3.40547e-17
6610 4.31948e-17
6612 4.79577e-17
6614 6.22011e-17
6616 7.35569e-17
6618 8.66946e-17
6620 9.4426e-17
6622 1.1691e-16
6624 1.3503e-16
6626 1.34757e-16
6628 1.5189e-16
6630 1.69129e-16
6632 1.9236e-16
6634 2.33091e-16
6636 2.52311e-16
6638 2.48693e-16
6640 2.93708e-16
6642 3.33862e-16
6644 3.35814e-16
6646 3.58683e-16
6648 3.7003e-16
6650 3.73533e-16
6652 4.64728e-16
6654 4.64313e-16
6656 4.97106e-16
6658 5.21035e-16
6660 4.87501e-16
6662 5.68474e-16
6664 5.28914e-16
6666 5.6159e-16
6668 6.37283e-16
6670 6.77519e-16
6672 6.30433e-16
6674 6.21254e-16
6676 5.90452e-16
6678 6.67149e-16
6680 6.7459e-16
6682 6.2302e-16
6684 5.80523e-16
6686 6.0848e-16
6688 6.58621e-16
6690 6.52449e-16
6692 5.2444e-16
6694 2.79197e-16
6696 3.31379e-16
6698 5.33102e-16
6700 6.97327e-16
6702 8.32916e-16
6704 8.59112e-16
6706 8.70832e-16
6708 9.6371e-16
6710 1.05632e-15
6712 1.04595e-15
6714 1.0429e-15
6716 9.21272e-16
6718 1.03634e-15
6720 1.25131e-15
6722 1.22575e-15
6724 1.36124e-15
6726 1.32613e-15
6728 1.38342e-15
6730 1.51819e-15
6732 1.48079e-15
6734 1.52147e-15
6736 1.48069e-15
6738 1.55169e-15
6740 1.75424e-15
6742 1.80423e-15
6744 1.83054e-15
6746 1.75369e-15
6748 1.79641e-15
6750 2.09727e-15
6752 2.2265e-15
6754 2.07866e-15
6756 2.18613e-15
6758 2.29112e-15
6760 2.24623e-15
6762 2.33594e-15
6764 2.59772e-15
6766 2.51166e-15
6768 2.48136e-15
6770 2.62506e-15
6772 2.89909e-15
6774 2.86309e-15
6776 2.7345e-15
6778 3.01032e-15
6780 2.81955e-15
6782 2.97896e-15
6784 2.99969e-15
6786 3.02217e-15
6788 3.18074e-15
6790 3.35597e-15
6792 3.39335e-15
6794 3.22043e-15
6796 3.36668e-15
6798 3.43848e-15
6800 3.45891e-15
6802 3.62763e-15
6804 3.60373e-15
6806 3.53281e-15
6808 3.6621e-15
6810 3.6406e-15
6812 3.82808e-15
6814 4.26884e-15
6816 3.86684e-15
6818 4.06113e-15
6820 4.14734e-15
6822 3.98274e-15
6824 4.37549e-15
6826 4.32507e-15
6828 4.19296e-15
6830 4.13705e-15
6832 4.25771e-15
6834 4.46709e-15
6836 4.42536e-15
6838 4.61187e-15
6840 4.72287e-15
6842 4.80617e-15
6844 4.70043e-15
6846 4.59648e-15
6848 4.64379e-15
6850 4.7402e-15
6852 4.77463e-15
6854 4.84556e-15
6856 4.92558e-15
6858 5.01708e-15
6860 4.97135e-15
6862 4.17713e-15
6864 4.17334e-15
6866 6.64174e-15
6868 7.13333e-15
6870 5.31897e-15
6872 5.15148e-15
6874 5.30822e-15
6876 5.02834e-15
6878 4.36045e-15
6880 4.4297e-15
6882 5.31105e-15
6884 5.89523e-15
6886 5.98977e-15
6888 5.86467e-15
6890 5.36223e-15
6892 5.29482e-15
6894 5.66427e-15
6896 5.36258e-15
6898 5.3881e-15
6900 5.53638e-15
6902 5.82095e-15
6904 5.18314e-15
6906 5.30558e-15
6908 5.49048e-15
6910 5.34658e-15
6912 5.53256e-15
6914 5.36265e-15
6916 6.09996e-15
6918 6.08202e-15
6920 5.82075e-15
6922 6.58e-15
6924 6.54052e-15
6926 6.60786e-15
6928 7.13114e-15
6930 6.6945e-15
6932 6.94884e-15
6934 7.18983e-15
6936 6.92008e-15
6938 6.924e-15
6940 6.52863e-15
6942 6.8976e-15
6944 6.66122e-15
6946 7.02562e-15
6948 7.10875e-15
6950 7.35565e-15
6952 7.3568e-15
6954 7.59666e-15
6956 8.13247e-15
6958 7.72577e-15
6960 7.4146e-15
6962 7.08486e-15
6964 7.40725e-15
6966 8.23952e-15
6968 7.65553e-15
6970 7.18745e-15
6972 7.48649e-15
6974 8.2296e-15
6976 8.56789e-15
6978 7.84738e-15
6980 8.28567e-15
6982 8.63736e-15
6984 8.01234e-15
6986 8.31609e-15
6988 8.30002e-15
6990 7.90071e-15
6992 8.29165e-15
6994 8.71733e-15
6996 8.73732e-15
6998 7.9574e-15
7000 7.69799e-15
7002 7.74835e-15
7004 7.58315e-15
7006 8.24789e-15
7008 8.091e-15
7010 7.87898e-15
7012 7.83787e-15
7014 7.69486e-15
7016 7.74581e-15
7018 8.17521e-15
7020 7.56827e-15
7022 7.0049e-15
7024 7.74e-15
7026 7.45317e-15
7028 7.12175e-15
7030 7.96204e-15
7032 7.88417e-15
7034 7.53205e-15
7036 6.7045e-15
7038 7.19839e-15
7040 7.34573e-15
7042 7.6101e-15
7044 7.19914e-15
7046 6.79677e-15
7048 7.21107e-15
7050 6.71539e-15
7052 7.06374e-15
7054 6.52362e-15
7056 6.46516e-15
7058 6.58323e-15
7060 6.48011e-15
7062 6.56341e-15
7064 6.82984e-15
7066 6.04028e-15
7068 5.75959e-15
7070 6.20435e-15
7072 5.88324e-15
7074 6.11446e-15
7076 5.84773e-15
7078 4.95621e-15
7080 3.34704e-15
7082 1.76599e-15
7084 1.89999e-15
7086 3.45613e-15
7088 4.67208e-15
7090 5.07448e-15
7092 5.11435e-15
7094 5.49191e-15
7096 5.83122e-15
7098 5.46344e-15
7100 5.29526e-15
7102 5.70587e-15
7104 5.51002e-15
7106 5.2153e-15
7108 5.19405e-15
7110 4.99047e-15
7112 4.77246e-15
7114 4.83752e-15
7116 4.80822e-15
7118 4.77292e-15
7120 4.81092e-15
7122 5.32058e-15
7124 5.3785e-15
7126 5.29286e-15
7128 5.18588e-15
7130 5.38848e-15
7132 5.6814e-15
7134 5.69539e-15
7136 5.81054e-15
7138 6.12663e-15
7140 6.42851e-15
7142 7.18814e-15
7144 7.93627e-15
7146 8.61133e-15
7148 8.57351e-15
7150 8.47157e-15
7152 8.66875e-15
7154 9.51329e-15
7156 1.06328e-14
7158 1.03438e-14
7160 1.00302e-14
7162 1.09363e-14
7164 1.06984e-14
7166 1.11605e-14
7168 1.09554e-14
7170 1.17816e-14
7172 1.24372e-14
7174 1.18205e-14
7176 1.2686e-14
7178 1.23484e-14
7180 1.271e-14
7182 1.16481e-14
7184 1.30551e-14
7186 1.26617e-14
7188 1.22297e-14
7190 1.33957e-14
7192 1.30966e-14
7194 1.39131e-14
7196 1.45755e-14
7198 1.60085e-14
7200 1.46281e-14
7202 1.45116e-14
7204 1.57636e-14
7206 1.61034e-14
7208 1.6766e-14
7210 1.52862e-14
7212 1.66516e-14
7214 1.90979e-14
7216 1.9361e-14
7218 1.87885e-14
7220 1.92829e-14
7222 1.89896e-14
7224 2.11082e-14
7226 2.13917e-14
7228 1.95504e-14
7230 1.94362e-14
7232 2.17889e-14
7234 2.27425e-14
7236 2.05294e-14
7238 2.19388e-14
7240 2.20706e-14
7242 2.22352e-14
7244 2.22494e-14
7246 2.11383e-14
7248 2.14433e-14
7250 2.19656e-14
7252 2.40483e-14
7254 2.33523e-14
7256 2.24874e-14
7258 2.3872e-14
7260 2.47892e-14
7262 2.60535e-14
7264 2.57437e-14
7266 2.49818e-14
7268 2.6317e-14
7270 2.67632e-14
7272 2.73016e-14
7274 2.83484e-14
7276 2.8659e-14
7278 2.75022e-14
7280 2.79898e-14
7282 2.77146e-14
7284 2.69802e-14
7286 2.78726e-14
7288 2.82799e-14
7290 2.87425e-14
7292 3.13214e-14
7294 3.20568e-14
7296 2.93081e-14
7298 2.56122e-14
7300 2.5784e-14
7302 2.82596e-14
7304 2.88216e-14
7306 3.18572e-14
7308 3.5341e-14
7310 3.50139e-14
7312 3.35759e-14
7314 3.27556e-14
7316 3.26741e-14
7318 3.29093e-14
7320 3.3843e-14
7322 3.43494e-14
7324 3.48041e-14
7326 3.43162e-14
7328 3.36341e-14
7330 3.63738e-14
7332 3.91299e-14
7334 3.89999e-14
7336 3.82418e-14
7338 3.85026e-14
7340 4.14336e-14
7342 4.26387e-14
7344 4.3923e-14
7346 3.89652e-14
7348 3.86679e-14
7350 4.06555e-14
7352 4.23708e-14
7354 4.25443e-14
7356 4.41717e-14
7358 4.43483e-14
7360 4.56563e-14
7362 4.57823e-14
7364 4.60905e-14
7366 4.48551e-14
7368 4.79879e-14
7370 4.84009e-14
7372 5.32088e-14
7374 5.08113e-14
7376 4.86489e-14
7378 4.73978e-14
7380 4.58127e-14
7382 4.95661e-14
7384 4.86965e-14
7386 4.8644e-14
7388 5.02184e-14
7390 5.15363e-14
7392 5.28754e-14
7394 5.0366e-14
7396 5.17374e-14
7398 5.13273e-14
7400 5.18734e-14
7402 5.28184e-14
7404 5.40468e-14
7406 5.49312e-14
7408 5.53424e-14
7410 5.5347e-14
7412 5.81947e-14
7414 5.43053e-14
7416 5.31708e-14
7418 5.6948e-14
7420 5.87112e-14
7422 5.80669e-14
7424 5.72881e-14
7426 5.60032e-14
7428 5.65086e-14
7430 5.72415e-14
7432 5.91109e-14
7434 5.66782e-14
7436 6.29508e-14
7438 6.47354e-14
7440 6.11339e-14
7442 6.12486e-14
7444 5.87253e-14
7446 6.26009e-14
7448 6.5873e-14
7450 6.54662e-14
7452 6.52301e-14
7454 6.33e-14
7456 6.53169e-14
7458 6.61118e-14
7460 6.52897e-14
7462 6.81746e-14
7464 6.69481e-14
7466 6.51036e-14
7468 6.73784e-14
7470 6.68618e-14
7472 6.77104e-14
7474 6.88919e-14
7476 7.03441e-14
7478 7.28988e-14
7480 7.04494e-14
7482 6.65897e-14
7484 6.76112e-14
7486 7.05215e-14
7488 7.2273e-14
7490 7.65132e-14
7492 7.45658e-14
7494 7.27787e-14
7496 7.00635e-14
7498 7.12024e-14
7500 7.00175e-14
7502 7.22621e-14
7504 7.25161e-14
7506 7.66715e-14
7508 7.90918e-14
7510 7.71611e-14
7512 7.84501e-14
7514 7.70247e-14
7516 7.98602e-14
7518 7.44902e-14
7520 7.39352e-14
7522 7.40647e-14
7524 8.06197e-14
7526 7.74719e-14
7528 7.70008e-14
7530 7.97997e-14
7532 7.70888e-14
7534 7.66329e-14
7536 7.647e-14
7538 7.81297e-14
7540 8.47678e-14
7542 7.85538e-14
7544 8.33659e-14
7546 8.73207e-14
7548 8.36619e-14
7550 8.28447e-14
7552 8.46718e-14
7554 8.31405e-14
7556 7.96552e-14
7558 8.43872e-14
7560 8.69469e-14
7562 7.9792e-14
7564 7.86673e-14
7566 8.01129e-14
7568 8.17012e-14
7570 8.37164e-14
7572 8.44488e-14
7574 8.32712e-14
7576 8.53147e-14
7578 8.47211e-14
7580 8.12145e-14
7582 8.25214e-14
7584 8.73652e-14
7586 9.21113e-14
7588 7.32698e-14
7590 6.01249e-14
7592 9.67158e-14
7594 1.52729e-13
7596 1.20165e-13
7598 9.8788e-14
7600 1.19262e-13
7602 1.40429e-13
7604 1.35747e-13
7606 1.17961e-13
7608 1.05907e-13
7610 9.88277e-14
7612 1.12067e-13
7614 8.95149e-14
7616 4.77979e-14
7618 6.09237e-14
7620 1.11544e-13
7622 1.3047e-13
7624 1.25043e-13
7626 1.10656e-13
7628 1.08692e-13
7630 1.06102e-13
7632 1.09243e-13
7634 1.01961e-13
7636 8.83038e-14
7638 1.17162e-13
7640 8.78457e-14
7642 1.18509e-13
7644 9.32246e-14
7646 9.45879e-14
7648 1.10992e-13
7650 9.1315e-14
7652 1.19376e-13
7654 1.00681e-13
7656 9.19665e-14
7658 1.21987e-13
7660 8.9912e-14
7662 1.0299e-13
7664 1.24591e-13
7666 1.0331e-13
7668 1.15561e-13
7670 1.18804e-13
7672 1.04633e-13
7674 1.14456e-13
7676 1.26568e-13
7678 1.1601e-13
7680 1.20246e-13
7682 1.18078e-13
7684 1.13201e-13
7686 1.24217e-13
7688 1.36034e-13
7690 1.19339e-13
7692 1.29076e-13
7694 1.43524e-13
7696 1.26689e-13
7698 1.29792e-13
7700 1.32753e-13
7702 1.30363e-13
7704 1.3181e-13
7706 1.29948e-13
7708 1.37861e-13
7710 1.36686e-13
7712 1.30001e-13
7714 1.32394e-13
7716 1.37538e-13
7718 1.54472e-13
7720 1.44969e-13
7722 1.33776e-13
7724 1.43219e-13
7726 1.37608e-13
7728 1.26104e-13
7730 1.34833e-13
7732 1.45312e-13
7734 1.41282e-13
7736 1.43673e-13
7738 1.42844e-13
7740 1.47087e-13
7742 1.47625e-13
7744 1.42632e-13
7746 1.43589e-13
7748 1.45608e-13
7750 1.50147e-13
7752 1.50294e-13
7754 1.48544e-13
7756 1.49304e-13
7758 1.45343e-13
7760 1.41315e-13
7762 1.52818e-13
7764 1.48277e-13
7766 1.42196e-13
7768 1.5435e-13
7770 1.56463e-13
7772 1.57011e-13
7774 1.5132e-13
7776 1.5666e-13
7778 1.62175e-13
7780 1.64893e-13
7782 1.64811e-13
7784 1.5648e-13
7786 1.64187e-13
7788 1.75685e-13
7790 1.67606e-13
7792 1.73583e-13
7794 1.78426e-13
7796 1.77264e-13
7798 1.84922e-13
7800 1.80292e-13
7802 1.76137e-13
7804 1.81513e-13
7806 1.8349e-13
7808 1.76885e-13
7810 1.79916e-13
7812 1.95709e-13
7814 1.91779e-13
7816 2.02267e-13
7818 2.01732e-13
7820 2.06865e-13
7822 2.18864e-13
7824 2.12674e-13
7826 2.0357e-13
7828 2.11591e-13
7830 2.03593e-13
7832 1.9522e-13
7834 2.05406e-13
7836 1.96626e-13
7838 2.10696e-13
7840 2.12346e-13
7842 2.11005e-13
7844 2.18232e-13
7846 2.15191e-13
7848 2.09187e-13
7850 2.13844e-13
7852 2.13227e-13
7854 2.02819e-13
7856 2.0458e-13
7858 2.11119e-13
7860 2.14155e-13
7862 2.16575e-13
7864 2.24482e-13
7866 2.10098e-13
7868 2.17123e-13
7870 2.34678e-13
7872 2.27364e-13
7874 2.24538e-13
7876 2.20211e-13
7878 2.17815e-13
7880 2.2156e-13
7882 2.26267e-13
7884 2.27639e-13
7886 2.44213e-13
7888 2.32671e-13
7890 2.31343e-13
7892 2.24541e-13
7894 2.23292e-13
7896 2.36254e-13
7898 2.34376e-13
7900 2.33711e-13
7902 2.43231e-13
7904 2.32923e-13
7906 2.39531e-13
7908 2.43729e-13
7910 2.22739e-13
7912 2.49306e-13
7914 2.69277e-13
7916 2.45752e-13
7918 2.50524e-13
7920 2.55761e-13
7922 2.66301e-13
7924 2.74198e-13
7926 2.68137e-13
7928 2.71521e-13
7930 2.64537e-13
7932 2.59929e-13
7934 2.62746e-13
7936 2.58759e-13
7938 2.65256e-13
7940 2.61836e-13
7942 2.49987e-13
7944 2.68001e-13
7946 2.62398e-13
7948 2.74951e-13
7950 2.93847e-13
7952 2.90882e-13
7954 3.03209e-13
7956 3.00543e-13
7958 2.9046e-13
7960 2.8019e-13
7962 2.73626e-13
7964 2.80911e-13
7966 2.80318e-13
7968 2.93726e-13
7970 2.97078e-13
7972 2.95491e-13
7974 3.03173e-13
7976 2.93306e-13
7978 2.90874e-13
7980 2.9454e-13
7982 2.95784e-13
7984 2.88707e-13
7986 2.83963e-13
7988 2.98926e-13
7990 3.07623e-13
7992 2.95983e-13
7994 3.09588e-13
7996 3.01454e-13
7998 2.93748e-13
8000 3.05646e-13
8002 3.00596e-13
8004 3.18441e-13
8006 3.10415e-13
8008 3.20948e-13
8010 3.29911e-13
8012 3.14762e-13
8014 3.1122e-13
8016 3.08608e-13
8018 3.17276e-13
8020 3.30886e-13
8022 3.22992e-13
8024 3.35534e-13
8026 3.27815e-13
8028 3.17906e-13
8030 3.29078e-13
8032 3.22016e-13
8034 3.39453e-13
8036 3.14347e-13
8038 3.32947e-13
8040 3.48818e-13
8042 3.4539e-13
8044 3.51909e-13
8046 3.51209e-13
8048 3.56866e-13
8050 3.38613e-13
8052 3.34886e-13
8054 3.41585e-13
8056 3.30468e-13
8058 3.78088e-13
8060 3.6758e-13
8062 3.64568e-13
8064 3.5915e-13
8066 3.3548e-13
8068 3.63051e-13
8070 3.88521e-13
8072 3.91781e-13
8074 3.74491e-13
8076 3.84573e-13
8078 3.5663e-13
8080 3.592e-13
8082 3.60126e-13
8084 3.75994e-13
8086 3.77273e-13
8088 3.4573e-13
8090 3.60831e-13
8092 3.73448e-13
8094 3.78332e-13
8096 3.84237e-13
8098 3.69639e-13
8100 3.65397e-13
8102 3.77282e-13
8104 3.79261e-13
8106 3.52943e-13
8108 3.93691e-13
8110 3.84721e-13
8112 3.70673e-13
8114 3.93363e-13
8116 3.7817e-13
8118 3.73644e-13
8120 3.79412e-13
8122 4.04045e-13
8124 4.1229e-13
8126 3.93419e-13
8128 3.74036e-13
8130 3.68761e-13
8132 3.90065e-13
8134 3.83565e-13
8136 3.84954e-13
8138 4.03037e-13
8140 3.86071e-13
8142 3.7377e-13
8144 3.96747e-13
8146 4.10118e-13
8148 3.89083e-13
8150 3.95187e-13
8152 4.08352e-13
8154 3.99064e-13
8156 3.88739e-13
8158 3.79787e-13
8160 4.07988e-13
8162 4.09891e-13
8164 3.91424e-13
8166 3.92297e-13
8168 4.03938e-13
8170 3.98467e-13
8172 3.77049e-13
8174 4.08648e-13
8176 4.11941e-13
8178 3.84185e-13
8180 3.81045e-13
8182 4.20174e-13
8184 3.84222e-13
8186 3.87211e-13
8188 3.99493e-13
8190 4.13801e-13
8192 4.26198e-13
8194 3.89924e-13
8196 3.95134e-13
8198 4.068e-13
8200 4.10854e-13
8202 3.89068e-13
8204 4.0732e-13
8206 3.87661e-13
8208 4.19901e-13
8210 4.49161e-13
8212 4.0847e-13
8214 3.77092e-13
8216 3.83572e-13
8218 3.8724e-13
8220 3.98159e-13
8222 3.88503e-13
8224 3.97707e-13
8226 4.18455e-13
8228 4.20421e-13
8230 3.87812e-13
8232 3.84954e-13
8234 3.84744e-13
8236 3.86011e-13
8238 3.85756e-13
8240 4.2266e-13
8242 4.30581e-13
8244 4.00243e-13
8246 3.90439e-13
8248 3.69431e-13
8250 3.67107e-13
8252 3.40338e-13
8254 3.38774e-13
8256 3.53112e-13
8258 3.67566e-13
8260 3.93708e-13
8262 4.2922e-13
8264 4.60368e-13
8266 4.60381e-13
8268 4.28842e-13
8270 4.25199e-13
8272 4.68268e-13
8274 4.72987e-13
8276 4.50736e-13
8278 4.32438e-13
8280 4.5875e-13
8282 4.47823e-13
8284 4.43188e-13
8286 4.65284e-13
8288 4.75549e-13
8290 5.18862e-13
8292 5.35628e-13
8294 5.40212e-13
8296 5.23683e-13
8298 4.99793e-13
8300 4.90138e-13
8302 5.34688e-13
8304 5.47748e-13
8306 5.24366e-13
8308 5.43243e-13
8310 5.51827e-13
8312 5.15278e-13
8314 5.01629e-13
8316 5.39293e-13
8318 5.5774e-13
8320 5.5899e-13
8322 5.69342e-13
8324 6.20351e-13
8326 5.96663e-13
8328 5.59406e-13
8330 5.57103e-13
8332 6.30789e-13
8334 6.24223e-13
8336 5.92688e-13
8338 6.06446e-13
8340 6.11228e-13
8342 6.03549e-13
8344 5.95924e-13
8346 6.33937e-13
8348 6.74927e-13
8350 6.78048e-13
8352 6.11643e-13
8354 6.60203e-13
8356 6.15594e-13
8358 6.68127e-13
8360 6.39764e-13
8362 6.58337e-13
8364 6.30422e-13
8366 6.29294e-13
8368 6.28282e-13
8370 6.2122e-13
8372 6.51852e-13
8374 7.36556e-13
8376 7.25499e-13
8378 6.61226e-13
8380 6.47118e-13
8382 6.46049e-13
8384 6.74692e-13
8386 6.49329e-13
8388 6.68718e-13
8390 7.13478e-13
8392 7.25777e-13
8394 7.80953e-13
8396 8.27229e-13
8398 7.91888e-13
8400 7.72639e-13
8402 8.89007e-13
8404 8.49508e-13
8406 7.37268e-13
8408 7.42468e-13
8410 7.99389e-13
8412 7.95312e-13
8414 7.70945e-13
8416 8.21714e-13
8418 8.68647e-13
8420 8.80204e-13
8422 8.80296e-13
8424 9.26046e-13
8426 9.06418e-13
8428 8.82094e-13
8430 8.80546e-13
8432 8.48647e-13
8434 8.01319e-13
8436 7.79819e-13
8438 8.35296e-13
8440 8.68982e-13
8442 8.52352e-13
8444 8.66929e-13
8446 8.74295e-13
8448 8.92465e-13
8450 9.28435e-13
8452 9.34998e-13
8454 9.65414e-13
8456 9.56593e-13
8458 9.587e-13
8460 9.77739e-13
8462 9.99785e-13
8464 9.55381e-13
8466 8.79542e-13
8468 9.06464e-13
8470 8.98732e-13
8472 9.06774e-13
8474 8.95094e-13
8476 9.00665e-13
8478 8.90214e-13
8480 8.62317e-13
8482 9.42855e-13
8484 9.30991e-13
8486 9.30385e-13
8488 9.05243e-13
8490 9.00501e-13
8492 9.3181e-13
8494 1.01667e-12
8496 9.42699e-13
8498 9.64297e-13
8500 9.69544e-13
8502 9.66701e-13
8504 1.02023e-12
8506 1.02236e-12
8508 1.02473e-12
8510 1.0381e-12
8512 1.08862e-12
8514 1.07053e-12
8516 1.08647e-12
8518 1.09661e-12
8520 1.09402e-12
8522 1.08907e-12
8524 1.09779e-12
8526 1.04248e-12
8528 1.03846e-12
8530 1.15327e-12
8532 1.15627e-12
8534 1.11699e-12
8536 1.11144e-12
8538 1.12849e-12
8540 1.12496e-12
8542 1.10943e-12
8544 1.0971e-12
8546 1.12373e-12
8548 1.11835e-12
8550 1.08908e-12
8552 1.07311e-12
8554 1.14962e-12
8556 1.2128e-12
8558 1.17865e-12
8560 1.17642e-12
8562 1.14427e-12
8564 1.07515e-12
8566 1.08892e-12
8568 1.10161e-12
8570 1.15719e-12
8572 1.2047e-12
8574 1.17311e-12
8576 1.15777e-12
8578 1.21967e-12
8580 1.32536e-12
8582 1.34571e-12
8584 1.30522e-12
8586 1.32993e-12
8588 1.38991e-12
8590 1.32685e-12
8592 1.22238e-12
8594 1.16473e-12
8596 1.18346e-12
8598 1.16928e-12
8600 1.1766e-12
8602 1.21172e-12
8604 1.17279e-12
8606 1.13102e-12
8608 1.20318e-12
8610 1.22141e-12
8612 1.24461e-12
8614 1.2273e-12
8616 1.24998e-12
8618 1.13625e-12
8620 1.09404e-12
8622 1.14253e-12
8624 1.23544e-12
8626 1.25934e-12
8628 1.30922e-12
8630 1.32391e-12
8632 1.3274e-12
8634 1.43684e-12
8636 1.34619e-12
8638 1.38798e-12
8640 1.49175e-12
8642 1.44243e-12
8644 1.40156e-12
8646 1.42598e-12
8648 1.47769e-12
8650 1.49949e-12
8652 1.46328e-12
8654 1.49368e-12
8656 1.44393e-12
8658 1.52783e-12
8660 1.49869e-12
8662 1.4489e-12
8664 1.45983e-12
8666 1.51852e-12
8668 1.43219e-12
8670 1.37608e-12
8672 1.4522e-12
8674 1.40697e-12
8676 1.50779e-12
8678 1.51224e-12
8680 1.54685e-12
8682 1.48428e-12
8684 1.40062e-12
8686 1.40517e-12
8688 1.42403e-12
8690 1.48975e-12
8692 1.53298e-12
8694 1.65712e-12
8696 1.62632e-12
8698 1.62222e-12
8700 1.63807e-12
8702 1.56467e-12
8704 1.62618e-12
8706 1.56812e-12
8708 1.60109e-12
8710 1.54239e-12
8712 1.53917e-12
8714 1.57822e-12
8716 1.59015e-12
8718 1.60614e-12
8720 1.65517e-12
8722 1.63506e-12
8724 1.62834e-12
8726 1.61974e-12
8728 1.56802e-12
8730 1.54939e-12
8732 1.63257e-12
8734 1.60866e-12
8736 1.51834e-12
8738 1.53605e-12
8740 1.60989e-12
8742 1.73442e-12
8744 1.74357e-12
8746 1.70817e-12
8748 1.77245e-12
8750 1.75006e-12
8752 1.73379e-12
8754 1.73206e-12
8756 1.71487e-12
8758 1.77843e-12
8760 1.77348e-12
8762 1.81608e-12
8764 1.83745e-12
8766 1.88294e-12
8768 1.80928e-12
8770 1.6621e-12
8772 1.58799e-12
8774 1.74894e-12
8776 1.78465e-12
8778 1.83385e-12
8780 1.93134e-12
8782 1.87381e-12
8784 1.83529e-12
8786 1.87356e-12
8788 1.87185e-12
8790 1.86232e-12
8792 1.87484e-12
8794 1.97017e-12
8796 1.98088e-12
8798 1.9589e-12
8800 1.6972e-12
8802 1.66731e-12
8804 1.67044e-12
8806 1.70404e-12
8808 1.77359e-12
8810 1.74363e-12
8812 1.71016e-12
8814 1.7255e-12
8816 1.71762e-12
8818 1.69564e-12
8820 1.75603e-12
8822 1.82214e-12
8824 1.81164e-12
8826 1.87154e-12
8828 1.87577e-12
8830 1.79489e-12
8832 1.81463e-12
8834 1.75182e-12
8836 1.7869e-12
8838 1.74825e-12
8840 1.84675e-12
8842 1.85269e-12
8844 1.80186e-12
8846 1.86994e-12
8848 1.79874e-12
8850 1.71034e-12
8852 1.60462e-12
8854 1.54937e-12
8856 1.61643e-12
8858 1.57081e-12
8860 1.7518e-12
8862 1.76531e-12
8864 1.65521e-12
8866 1.5994e-12
8868 1.61997e-12
8870 1.73701e-12
8872 1.8104e-12
8874 1.86957e-12
8876 1.91964e-12
8878 1.86264e-12
8880 1.83591e-12
8882 1.72758e-12
8884 1.69389e-12
8886 1.65006e-12
8888 1.75981e-12
8890 1.88332e-12
8892 1.86762e-12
8894 1.91451e-12
8896 1.96273e-12
8898 2.06599e-12
8900 2.00771e-12
8902 2.0947e-12
8904 2.15568e-12
8906 2.07255e-12
8908 2.14773e-12
8910 2.27111e-12
8912 2.18127e-12
8914 2.07534e-12
8916 2.03647e-12
8918 1.99584e-12
8920 2.03261e-12
8922 2.1844e-12
8924 2.14464e-12
8926 2.12987e-12
8928 2.11217e-12
8930 2.2548e-12
8932 2.14917e-12
8934 2.03065e-12
8936 2.07016e-12
8938 2.20701e-12
8940 2.21962e-12
8942 2.27846e-12
8944 2.274e-12
8946 2.03331e-12
