5180 3.84191e-21
5182 3.92568e-21
5184 4.0255e-21
5186 4.04064e-21
5188 4.10992e-21
5190 3.80052e-21
5192 2.89672e-21
5194 3.1893e-21
5196 2.42311e-21
5198 2.67248e-21
5200 3.02196e-21
5202 2.10007e-21
5204 1.91601e-21
5206 2.6881e-21
5208 2.6454e-21
5210 2.12745e-21
5212 2.57434e-21
5214 2.7836e-21
5216 2.22146e-21
5218 2.42755e-21
5220 2.0639e-21
5222 2.27331e-21
5224 2.01848e-21
5226 1.86736e-21
5228 1.78877e-21
5230 1.42561e-21
5232 1.37318e-21
5234 2.30193e-21
5236 2.47822e-21
5238 2.00588e-21
5240 1.50979e-21
5242 1.64195e-21
5244 1.91268e-21
5246 1.77635e-21
5248 2.02961e-21
5250 1.84442e-21
5252 2.35692e-21
5254 2.24032e-21
5256 2.00556e-21
5258 2.14191e-21
5260 1.86572e-21
5262 2.04801e-21
5264 2.5173e-21
5266 2.45326e-21
5268 3.27615e-21
5270 2.64505e-21
5272 2.17208e-21
5274 1.97861e-21
5276 2.53562e-21
5278 3.5281e-21
5280 3.16505e-21
5282 2.77321e-21
5284 2.65036e-21
5286 2.1277e-21
5288 4.13071e-21
5290 2.88044e-21
5292 3.03137e-21
5294 3.20772e-21
5296 2.62331e-21
5298 2.68368e-21
5300 3.57386e-21
5302 4.7021e-21
5304 3.99521e-21
5306 3.22398e-21
5308 3.15319e-21
5310 3.7476e-21
5312 3.50361e-21
5314 3.32442e-21
5316 4.09221e-21
5318 3.33567e-21
5320 3.91185e-21
5322 3.98634e-21
5324 3.12795e-21
5326 3.50928e-21
5328 3.77399e-21
5330 3.65489e-21
5332 3.56256e-21
5334 4.11977e-21
5336 3.97983e-21
5338 5.09693e-21
5340 4.10465e-21
5342 3.91458e-21
5344 3.38081e-21
5346 4.86007e-21
5348 6.41217e-21
5350 4.8134e-21
5352 4.8229e-21
5354 5.68779e-21
5356 5.95413e-21
5358 6.12321e-21
5360 6.00596e-21
5362 6.60199e-21
5364 5.557e-21
5366 4.3127e-21
5368 5.33964e-21
5370 5.44594e-21
5372 5.47971e-21
5374 7.20913e-21
5376 7.30077e-21
5378 8.42801e-21
5380 8.3153e-21
5382 9.54222e-21
5384 9.82493e-21
5386 7.05999e-21
5388 7.72131e-21
5390 8.70108e-21
5392 1.06007e-20
5394 8.79042e-21
5396 8.45372e-21
5398 9.38723e-21
5400 8.28739e-21
5402 8.05117e-21
5404 8.32796e-21
5406 8.04074e-21
5408 8.62787e-21
5410 7.97135e-21
5412 7.84414e-21
5414 6.97289e-21
5416 6.04087e-21
5418 6.96328e-21
5420 6.98145e-21
5422 4.94254e-21
5424 3.61455e-21
5426 4.28089e-21
5428 6.25537e-21
5430 7.2809e-21
5432 8.60866e-21
5434 1.24023e-20
5436 1.20498e-20
5438 1.4386e-20
5440 1.47359e-20
5442 1.47442e-20
5444 1.77002e-20
5446 1.72623e-20
5448 2.05086e-20
5450 1.83627e-20
5452 2.00179e-20
5454 2.25329e-20
5456 2.38614e-20
5458 2.56955e-20
5460 2.67136e-20
5462 2.92189e-20
5464 3.23098e-20
5466 3.64057e-20
5468 3.26004e-20
5470 3.27557e-20
5472 3.55318e-20
5474 3.01607e-20
5476 3.87798e-20
5478 4.33543e-20
5480 3.98979e-20
5482 5.02033e-20
5484 6.20746e-20
5486 5.07502e-20
5488 5.04754e-20
5490 4.5094e-20
5492 5.87954e-20
5494 5.83962e-20
5496 6.21822e-20
5498 6.66406e-20
5500 6.27277e-20
5502 5.81165e-20
5504 6.23548e-20
5506 5.47832e-20
5508 6.23633e-20
5510 6.80545e-20
5512 8.31623e-20
5514 6.6554e-20
5516 7.44129e-20
5518 8.19683e-20
5520 7.98592e-20
5522 7.31062e-20
5524 7.70671e-20
5526 9.26139e-20
5528 8.58837e-20
5530 8.34339e-20
5532 1.0313e-19
5534 1.12291e-19
5536 1.14439e-19
5538 9.47218e-20
5540 9.14906e-20
5542 1.08175e-19
5544 1.20793e-19
5546 1.04378e-19
5548 1.07004e-19
5550 1.21842e-19
5552 1.32602e-19
5554 1.39414e-19
5556 1.19989e-19
5558 1.24882e-19
5560 1.43621e-19
5562 1.48012e-19
5564 1.74247e-19
5566 1.46651e-19
5568 1.33599e-19
5570 1.60309e-19
5572 1.67554e-19
5574 1.55191e-19
5576 1.77789e-19
5578 1.78311e-19
5580 1.67872e-19
5582 1.66575e-19
5584 1.67111e-19
5586 1.60354e-19
5588 2.14169e-19
5590 2.39924e-19
5592 1.91808e-19
5594 1.60911e-19
5596 2.19695e-19
5598 2.32581e-19
5600 2.08762e-19
5602 2.0459e-19
5604 2.46512e-19
5606 2.37376e-19
5608 2.06135e-19
5610 1.97179e-19
5612 2.87752e-19
5614 2.56103e-19
5616 2.53704e-19
5618 2.92104e-19
5620 2.94259e-19
5622 2.89394e-19
5624 3.00075e-19
5626 2.69091e-19
5628 2.58879e-19
5630 2.48501e-19
5632 2.99807e-19
5634 3.42647e-19
5636 3.40046e-19
5638 3.23942e-19
5640 3.01276e-19
5642 2.91265e-19
5644 3.63209e-19
5646 3.99431e-19
5648 3.84103e-19
5650 3.78954e-19
5652 3.90968e-19
5654 3.96626e-19
5656 4.26587e-19
5658 4.14963e-19
5660 4.19065e-19
5662 4.40511e-19
5664 4.53881e-19
5666 4.1258e-19
5668 4.01075e-19
5670 4.22282e-19
5672 4.14765e-19
5674 4.57248e-19
5676 3.89886e-19
5678 3.46052e-19
5680 3.56565e-19
5682 3.40369e-19
5684 4.03726e-19
5686 4.47317e-19
5688 4.37507e-19
5690 4.02807e-19
5692 3.31315e-19
5694 3.2596e-19
5696 3.70507e-19
5698 3.45368e-19
5700 3.17311e-19
5702 2.81015e-19
5704 3.37495e-19
5706 2.95126e-19
5708 1.52498e-19
5710 6.91427e-20
5712 1.11083e-19
5714 2.44075e-19
5716 3.15029e-19
5718 3.44376e-19
5720 3.90968e-19
5722 4.01985e-19
5724 3.9986e-19
5726 4.58173e-19
5728 5.18675e-19
5730 5.93323e-19
5732 5.29199e-19
5734 4.55247e-19
5736 5.33665e-19
5738 6.45634e-19
5740 6.42172e-19
5742 5.62196e-19
5744 5.25053e-19
5746 5.85796e-19
5748 6.05968e-19
5750 5.51544e-19
5752 5.65658e-19
5754 6.52994e-19
5756 6.34438e-19
5758 6.76971e-19
5760 6.51336e-19
5762 6.65745e-19
5764 6.58423e-19
5766 6.26355e-19
5768 6.2506e-19
5770 5.94944e-19
5772 5.65697e-19
5774 5.58891e-19
5776 5.74489e-19
5778 6.04558e-19
5780 5.85312e-19
5782 5.29507e-19
5784 5.33643e-19
5786 6.26833e-19
5788 5.76634e-19
5790 5.12595e-19
5792 5.31137e-19
5794 5.58117e-19
5796 4.6428e-19
5798 3.89507e-19
5800 4.38462e-19
5802 4.26985e-19
5804 3.41652e-19
5806 3.02058e-19
5808 3.48692e-19
5810 3.53082e-19
5812 4.52689e-19
5814 4.47826e-19
5816 4.05301e-19
5818 3.68128e-19
5820 4.13445e-19
5822 4.98615e-19
5824 6.14609e-19
5826 6.12664e-19
5828 5.569e-19
5830 6.17129e-19
5832 6.23724e-19
5834 6.01363e-19
5836 9.94259e-19
5838 8.43188e-19
5840 9.01637e-19
5842 9.92429e-19
5844 8.61743e-19
5846 1.0732e-18
5848 1.14758e-18
5850 1.10514e-18
5852 1.26183e-18
5854 1.36319e-18
5856 1.36907e-18
5858 1.25132e-18
5860 1.29695e-18
5862 1.35192e-18
5864 1.30284e-18
5866 1.31522e-18
5868 1.33081e-18
5870 1.44498e-18
5872 1.31768e-18
5874 1.32519e-18
5876 1.439e-18
5878 1.41285e-18
5880 1.51788e-18
5882 1.46794e-18
5884 1.51459e-18
5886 2.04061e-18
5888 1.80363e-18
5890 5.60917e-19
5892 3.60003e-19
5894 8.72145e-19
5896 1.6595e-18
5898 1.74184e-18
5900 1.72375e-18
5902 2.59336e-18
5904 7.52964e-18
5906 1.14476e-17
5908 7.67683e-18
5910 7.03163e-18
5912 7.39129e-18
5914 5.38556e-18
5916 3.80713e-18
5918 3.84491e-18
5920 3.60618e-18
5922 3.69292e-18
5924 3.86555e-18
5926 3.97405e-18
5928 4.09389e-18
5930 4.11112e-18
5932 4.88404e-18
5934 4.8744e-18
5936 5.15119e-18
5938 5.61339e-18
5940 6.77765e-18
5942 6.14664e-18
5944 5.62944e-18
5946 6.01695e-18
5948 6.29192e-18
5950 6.8496e-18
5952 7.58444e-18
5954 7.22411e-18
5956 7.97732e-18
5958 7.5829e-18
5960 8.1303e-18
5962 8.44308e-18
5964 9.084e-18
5966 8.75502e-18
5968 8.93737e-18
5970 1.07706e-17
5972 1.10363e-17
5974 1.04165e-17
5976 1.1329e-17
5978 1.28393e-17
5980 1.16027e-17
5982 1.04855e-17
5984 1.3001e-17
5986 1.07844e-17
5988 1.28629e-17
5990 1.04407e-17
5992 1.26508e-17
5994 1.57521e-17
5996 1.51679e-17
5998 1.36152e-17
6000 1.50581e-17
6002 1.5531e-17
6004 1.50293e-17
6006 1.48062e-17
6008 1.53147e-17
6010 1.78671e-17
6012 1.84773e-17
6014 1.61817e-17
6016 1.63853e-17
6018 1.6451e-17
6020 1.61233e-17
6022 1.70988e-17
6024 1.74447e-17
6026 1.77651e-17
6028 1.80631e-17
6030 1.98016e-17
6032 1.90986e-17
6034 1.90067e-17
6036 1.9454e-17
6038 2.07106e-17
6040 2.05294e-17
6042 2.17672e-17
6044 2.17744e-17
6046 2.17114e-17
6048 2.15909e-17
6050 2.08572e-17
6052 2.25839e-17
6054 2.32372e-17
6056 2.31232e-17
6058 2.2153e-17
6060 2.6753e-17
6062 2.50264e-17
6064 2.33638e-17
6066 2.46514e-17
6068 2.68008e-17
6070 2.80679e-17
6072 2.66191e-17
6074 2.66843e-17
6076 2.80286e-17
6078 2.69043e-17
6080 2.74996e-17
6082 2.91198e-17
6084 2.93961e-17
6086 2.94301e-17
6088 2.90706e-17
6090 2.93493e-17
6092 2.91167e-17
6094 3.34046e-17
6096 3.37037e-17
6098 3.12383e-17
6100 3.47007e-17
6102 3.63019e-17
6104 3.58653e-17
6106 3.78852e-17
6108 3.78662e-17
6110 3.70089e-17
6112 3.91159e-17
6114 3.80856e-17
6116 3.71112e-17
6118 4.03081e-17
6120 3.7016e-17
6122 3.77391e-17
6124 4.22579e-17
6126 4.3065e-17
6128 4.17124e-17
6130 4.81553e-17
6132 4.93117e-17
6134 4.74081e-17
6136 4.76979e-17
6138 4.67483e-17
6140 4.3968e-17
6142 4.85494e-17
6144 5.11352e-17
6146 4.54796e-17
6148 4.61894e-17
6150 5.09165e-17
6152 4.94156e-17
6154 5.3448e-17
6156 5.08587e-17
6158 5.1179e-17
6160 5.25979e-17
6162 5.56549e-17
6164 5.4919e-17
6166 5.68158e-17
6168 5.84951e-17
6170 5.87297e-17
6172 5.9031e-17
6174 6.0021e-17
6176 5.63145e-17
6178 5.93233e-17
6180 6.27025e-17
6182 5.74461e-17
6184 5.93206e-17
6186 5.7283e-17
6188 6.05482e-17
6190 6.43085e-17
6192 6.25252e-17
6194 6.49994e-17
6196 7.11432e-17
6198 6.89271e-17
6200 6.53874e-17
6202 7.27419e-17
6204 7.4522e-17
6206 7.03268e-17
6208 6.72455e-17
6210 7.56472e-17
6212 7.41457e-17
6214 7.52106e-17
6216 7.02964e-17
6218 7.80964e-17
6220 7.94512e-17
6222 8.63191e-17
6224 7.8159e-17
6226 8.82974e-17
6228 8.39572e-17
6230 8.17175e-17
6232 8.30023e-17
6234 8.99133e-17
6236 9.36018e-17
6238 9.51545e-17
6240 9.46687e-17
6242 9.5594e-17
6244 9.89552e-17
6246 1.06401e-16
6248 1.01709e-16
6250 9.76114e-17
6252 1.05479e-16
6254 9.18794e-17
6256 1.02752e-16
6258 1.10169e-16
6260 1.13376e-16
6262 1.30129e-16
6264 1.17131e-16
6266 1.13652e-16
6268 1.25358e-16
6270 1.26816e-16
6272 1.15769e-16
6274 1.25407e-16
6276 1.4542e-16
6278 1.59958e-16
6280 1.41053e-16
6282 1.40423e-16
6284 1.24616e-16
6286 1.41772e-16
6288 1.4131e-16
6290 1.42166e-16
6292 1.51443e-16
6294 1.39825e-16
6296 1.42182e-16
6298 1.44247e-16
6300 1.26953e-16
6302 1.33655e-16
6304 1.6559e-16
6306 1.5513e-16
6308 1.5152e-16
6310 1.52395e-16
6312 1.58557e-16
6314 1.56878e-16
6316 1.62848e-16
6318 1.56546e-16
6320 1.50571e-16
6322 1.56976e-16
6324 1.58173e-16
6326 1.57222e-16
6328 1.8102e-16
6330 1.73296e-16
6332 1.58842e-16
6334 1.59611e-16
6336 1.72581e-16
6338 1.73736e-16
6340 1.8048e-16
6342 1.82949e-16
6344 1.97963e-16
6346 2.16431e-16
6348 1.9406e-16
6350 1.8686e-16
6352 1.85581e-16
6354 1.86684e-16
6356 1.98851e-16
6358 1.97672e-16
6360 1.97698e-16
6362 2.05011e-16
6364 1.97894e-16
6366 1.86588e-16
6368 1.86287e-16
6370 1.88503e-16
6372 1.94184e-16
6374 2.1623e-16
6376 2.18418e-16
6378 1.99795e-16
6380 1.99418e-16
6382 1.88615e-16
6384 2.09234e-16
6386 2.14511e-16
6388 2.05583e-16
6390 2.18132e-16
6392 2.27434e-16
6394 2.17007e-16
6396 1.91961e-16
6398 1.92836e-16
6400 1.90232e-16
6402 1.90746e-16
6404 2.05282e-16
6406 2.07762e-16
6408 2.02648e-16
6410 1.92875e-16
6412 2.05595e-16
6414 2.13299e-16
6416 2.00339e-16
6418 1.83004e-16
6420 1.96224e-16
6422 2.09938e-16
6424 1.9873e-16
6426 2.17631e-16
6428 2.26099e-16
6430 2.22306e-16
6432 2.24081e-16
6434 2.18325e-16
6436 2.30994e-16
6438 2.31896e-16
6440 2.29483e-16
6442 2.04249e-16
6444 2.15823e-16
6446 2.34288e-16
6448 2.37886e-16
6450 2.13081e-16
6452 2.25381e-16
6454 2.26887e-16
6456 2.14676e-16
6458 2.16551e-16
6460 2.14849e-16
6462 2.18468e-16
6464 1.97735e-16
6466 1.86715e-16
6468 1.92679e-16
6470 2.08934e-16
6472 2.03188e-16
6474 2.00317e-16
6476 2.09031e-16
6478 1.91772e-16
6480 1.6386e-16
6482 1.78127e-16
6484 1.80777e-16
6486 1.70167e-16
6488 1.82833e-16
6490 1.79434e-16
6492 1.57995e-16
6494 1.57329e-16
6496 1.50074e-16
6498 1.24659e-16
6500 1.16664e-16
6502 1.27769e-16
6504 1.25766e-16
6506 1.18691e-16
6508 1.20158e-16
6510 1.17241e-16
6512 1.08058e-16
6514 1.06518e-16
6516 1.01468e-16
6518 8.76053e-17
6520 8.37959e-17
6522 7.54193e-17
6524 7.41953e-17
6526 6.80441e-17
6528 5.87492e-17
6530 5.00661e-17
6532 4.81949e-17
6534 4.34552e-17
6536 3.53975e-17
6538 2.9427e-17
6540 2.76286e-17
6542 2.50202e-17
6544 2.05072e-17
6546 1.74261e-17
6548 1.38475e-17
6550 1.13926e-17
6552 9.13922e-18
6554 7.61127e-18
6556 5.75458e-18
6558 4.12861e-18
6560 3.23031e-18
6562 2.36558e-18
6564 1.5885e-18
6566 1.05928e-18
6568 7.07974e-19
6570 4.21078e-19
6572 2.05666e-19
6574 6.38691e-20
6576 5.81505e-21
6578 7.55227e-23
6580 4.9949e-23
6582 1.49947e-21
6584 7.63528e-20
6586 3.94047e-19
6588 8.28722e-19
6590 1.36593e-18
6592 2.27948e-18
6594 3.08183e-18
6596 4.23694e-18
6598 5.94504e-18
6600 6.77032e-18
6602 9.96348e-18
6604 1.33042e-17
6606 1.99893e-17
6608 2.51843e-17
6610 3.19437e-17
6612 3.54659e-17
6614 4.59994e-17
6616 5.43972e-17
6618 6.41129e-17
6620 6.98304e-17
6622 8.64577e-17
6624 9.98579e-17
6626 9.96565e-17
6628 1.12326e-16
6630 1.25075e-16
6632 1.42255e-16
6634 1.72377e-16
6636 1.86591e-16
6638 1.83915e-16
6640 2.17204e-16
6642 2.469e-16
6644 2.48343e-16
6646 2.65255e-16
6648 2.73647e-16
6650 2.76237e-16
6652 3.43679e-16
6654 3.43372e-16
6656 3.67623e-16
6658 3.85319e-16
6660 3.6052e-16
6662 4.20402e-16
6664 3.91146e-16
6666 4.1531e-16
6668 4.71288e-16
6670 5.01043e-16
6672 4.66222e-16
6674 4.59434e-16
6676 4.36654e-16
6678 4.93374e-16
6680 4.98877e-16
6682 4.6074e-16
6684 4.29312e-16
6686 4.49987e-16
6688 4.87067e-16
6690 4.82503e-16
6692 3.87837e-16
6694 2.06474e-16
6696 2.45064e-16
6698 3.94243e-16
6700 5.15692e-16
6702 6.15963e-16
6704 6.35336e-16
6706 6.44003e-16
6708 7.12689e-16
6710 7.81174e-16
6712 7.73509e-16
6714 7.71255e-16
6716 6.81304e-16
6718 7.66398e-16
6720 9.25373e-16
6722 9.06477e-16
6724 1.00667e-15
6726 9.80706e-16
6728 1.02307e-15
6730 1.12274e-15
6732 1.09508e-15
6734 1.12517e-15
6736 1.09501e-15
6738 1.14751e-15
6740 1.29731e-15
6742 1.33428e-15
6744 1.35373e-15
6746 1.2969e-15
6748 1.32849e-15
6750 1.55099e-15
6752 1.64655e-15
6754 1.53723e-15
6756 1.6167e-15
6758 1.69434e-15
6760 1.66115e-15
6762 1.72749e-15
6764 1.92108e-15
6766 1.85743e-15
6768 1.83503e-15
6770 1.9413e-15
6772 2.14395e-15
6774 2.11733e-15
6776 2.02223e-15
6778 2.22621e-15
6780 2.08513e-15
6782 2.20302e-15
6784 2.21835e-15
6786 2.23497e-15
6788 2.35224e-15
6790 2.48183e-15
6792 2.50947e-15
6794 2.38159e-15
6796 2.48975e-15
6798 2.54285e-15
6800 2.55796e-15
6802 2.68273e-15
6804 2.66505e-15
6806 2.61261e-15
6808 2.70822e-15
6810 2.69232e-15
6812 2.83096e-15
6814 3.15692e-15
6816 2.85963e-15
6818 3.00331e-15
6820 3.06707e-15
6822 2.94534e-15
6824 3.23579e-15
6826 3.1985e-15
6828 3.1008e-15
6830 3.05946e-15
6832 3.14868e-15
6834 3.30353e-15
6836 3.27267e-15
6838 3.4106e-15
6840 3.49269e-15
6842 3.55429e-15
6844 3.47609e-15
6846 3.39922e-15
6848 3.4342e-15
6850 3.5055e-15
6852 3.53096e-15
6854 3.58342e-15
6856 3.64259e-15
6858 3.71026e-15
6860 3.67645e-15
6862 3.08909e-15
6864 3.08629e-15
6866 4.91174e-15
6868 5.27528e-15
6870 3.93352e-15
6872 3.80965e-15
6874 3.92557e-15
6876 3.71859e-15
6878 3.22467e-15
6880 3.27588e-15
6882 3.92766e-15
6884 4.35967e-15
6886 4.42959e-15
6888 4.33707e-15
6890 3.96551e-15
6892 3.91566e-15
6894 4.18887e-15
6896 3.96577e-15
6898 3.98464e-15
6900 4.0943e-15
6902 4.30475e-15
6904 3.83307e-15
6906 3.92361e-15
6908 4.06035e-15
6910 3.95394e-15
6912 4.09147e-15
6914 3.96582e-15
6916 4.51108e-15
6918 4.49781e-15
6920 4.30459e-15
6922 4.86608e-15
6924 4.83688e-15
6926 4.88669e-15
6928 5.27366e-15
6930 4.95076e-15
6932 5.13885e-15
6934 5.31707e-15
6936 5.11758e-15
6938 5.12048e-15
6940 4.82809e-15
6942 5.10096e-15
6944 4.92615e-15
6946 5.19563e-15
6948 5.25711e-15
6950 5.4397e-15
6952 5.44055e-15
6954 5.61793e-15
6956 6.01417e-15
6958 5.71341e-15
6960 5.48329e-15
6962 5.23944e-15
6964 5.47785e-15
6966 6.09334e-15
6968 5.66146e-15
6970 5.3153e-15
6972 5.53645e-15
6974 6.086e-15
6976 6.33618e-15
6978 5.80334e-15
6980 6.12747e-15
6982 6.38755e-15
6984 5.92533e-15
6986 6.14996e-15
6988 6.13808e-15
6990 5.84278e-15
6992 6.13189e-15
6994 6.44669e-15
6996 6.46148e-15
6998 5.88471e-15
7000 5.69286e-15
7002 5.73011e-15
7004 5.60793e-15
7006 6.09953e-15
7008 5.98351e-15
7010 5.82671e-15
7012 5.79631e-15
7014 5.69055e-15
7016 5.72823e-15
7018 6.04578e-15
7020 5.59693e-15
7022 5.18031e-15
7024 5.72393e-15
7026 5.51182e-15
7028 5.26672e-15
7030 5.88813e-15
7032 5.83055e-15
7034 5.57014e-15
7036 4.95815e-15
7038 5.3234e-15
7040 5.43236e-15
7042 5.62786e-15
7044 5.32395e-15
7046 5.02639e-15
7048 5.33277e-15
7050 4.9662e-15
7052 5.22382e-15
7054 4.82439e-15
7056 4.78116e-15
7058 4.86847e-15
7060 4.79221e-15
7062 4.85381e-15
7064 5.05084e-15
7066 4.46695e-15
7068 4.25936e-15
7070 4.58828e-15
7072 4.35081e-15
7074 4.52181e-15
7076 4.32455e-15
7078 3.66525e-15
7080 2.47522e-15
7082 1.306e-15
7084 1.40509e-15
7086 2.5559e-15
7088 3.45512e-15
7090 3.75271e-15
7092 3.78219e-15
7094 4.06141e-15
7096 4.31234e-15
7098 4.04035e-15
7100 3.91598e-15
7102 4.21964e-15
7104 4.0748e-15
7106 3.85685e-15
7108 3.84113e-15
7110 3.69059e-15
7112 3.52935e-15
7114 3.57747e-15
7116 3.5558e-15
7118 3.5297e-15
7120 3.5578e-15
7122 3.9347e-15
7124 3.97754e-15
7126 3.91421e-15
7128 3.83509e-15
7130 3.98492e-15
7132 4.20154e-15
7134 4.21189e-15
7136 4.29704e-15
7138 4.5308e-15
7140 4.75405e-15
7142 5.31581e-15
7144 5.86908e-15
7146 6.3683e-15
7148 6.34033e-15
7150 6.26494e-15
7152 6.41077e-15
7154 7.03532e-15
7156 7.86322e-15
7158 7.6495e-15
7160 7.41763e-15
7162 8.08769e-15
7164 7.91177e-15
7166 8.2535e-15
7168 8.10183e-15
7170 8.71278e-15
7172 9.19764e-15
7174 8.7416e-15
7176 9.38162e-15
7178 9.13194e-15
7180 9.3994e-15
7182 8.61405e-15
7184 9.65456e-15
7186 9.36368e-15
7188 9.04419e-15
7190 9.90648e-15
7192 9.68527e-15
7194 1.02891e-14
7196 1.07789e-14
7198 1.18387e-14
7200 1.08179e-14
7202 1.07317e-14
7204 1.16576e-14
7206 1.19089e-14
7208 1.23989e-14
7210 1.13045e-14
7212 1.23143e-14
7214 1.41234e-14
7216 1.43179e-14
7218 1.38946e-14
7220 1.42602e-14
7222 1.40433e-14
7224 1.56101e-14
7226 1.58197e-14
7228 1.4458e-14
7230 1.43736e-14
7232 1.61135e-14
7234 1.68187e-14
7236 1.5182e-14
7238 1.62243e-14
7240 1.63218e-14
7242 1.64435e-14
7244 1.6454e-14
7246 1.56323e-14
7248 1.58579e-14
7250 1.62441e-14
7252 1.77843e-14
7254 1.72696e-14
7256 1.663e-14
7258 1.7654e-14
7260 1.83322e-14
7262 1.92672e-14
7264 1.90381e-14
7266 1.84747e-14
7268 1.94621e-14
7270 1.97921e-14
7272 2.01903e-14
7274 2.09643e-14
7276 2.11941e-14
7278 2.03386e-14
7280 2.06992e-14
7282 2.04957e-14
7284 1.99526e-14
7286 2.06125e-14
7288 2.09137e-14
7290 2.12558e-14
7292 2.3163e-14
7294 2.37069e-14
7296 2.16741e-14
7298 1.89409e-14
7300 1.9068e-14
7302 2.08987e-14
7304 2.13143e-14
7306 2.35593e-14
7308 2.61356e-14
7310 2.58937e-14
7312 2.48302e-14
7314 2.42236e-14
7316 2.41633e-14
7318 2.43373e-14
7320 2.50278e-14
7322 2.54022e-14
7324 2.57385e-14
7326 2.53777e-14
7328 2.48733e-14
7330 2.68994e-14
7332 2.89376e-14
7334 2.88414e-14
7336 2.82808e-14
7338 2.84737e-14
7340 3.06412e-14
7342 3.15324e-14
7344 3.24822e-14
7346 2.88158e-14
7348 2.85959e-14
7350 3.00658e-14
7352 3.13343e-14
7354 3.14626e-14
7356 3.26661e-14
7358 3.27967e-14
7360 3.3764e-14
7362 3.38572e-14
7364 3.40851e-14
7366 3.31715e-14
7368 3.54883e-14
7370 3.57937e-14
7372 3.93493e-14
7374 3.75763e-14
7376 3.59771e-14
7378 3.50519e-14
7380 3.38797e-14
7382 3.66554e-14
7384 3.60123e-14
7386 3.59735e-14
7388 3.71378e-14
7390 3.81124e-14
7392 3.91028e-14
7394 3.7247e-14
7396 3.82612e-14
7398 3.79579e-14
7400 3.83617e-14
7402 3.90606e-14
7404 3.9969e-14
7406 4.0623e-14
7408 4.09271e-14
7410 4.09306e-14
7412 4.30365e-14
7414 4.01602e-14
7416 3.93212e-14
7418 4.21145e-14
7420 4.34185e-14
7422 4.2942e-14
7424 4.2366e-14
7426 4.14158e-14
7428 4.17896e-14
7430 4.23316e-14
7432 4.3714e-14
7434 4.1915e-14
7436 4.65538e-14
7438 4.78735e-14
7440 4.52101e-14
7442 4.52949e-14
7444 4.34289e-14
7446 4.6295e-14
7448 4.87148e-14
7450 4.8414e-14
7452 4.82393e-14
7454 4.6812e-14
7456 4.83035e-14
7458 4.88914e-14
7460 4.82835e-14
7462 5.04169e-14
7464 4.95099e-14
7466 4.81458e-14
7468 4.98281e-14
7470 4.9446e-14
7472 5.00736e-14
7474 5.09474e-14
7476 5.20213e-14
7478 5.39105e-14
7480 5.20991e-14
7482 4.92448e-14
7484 5.00002e-14
7486 5.21525e-14
7488 5.34477e-14
7490 5.65835e-14
7492 5.51433e-14
7494 5.38218e-14
7496 5.18138e-14
7498 5.2656e-14
7500 5.17798e-14
7502 5.34397e-14
7504 5.36275e-14
7506 5.67005e-14
7508 5.84904e-14
7510 5.70627e-14
7512 5.80159e-14
7514 5.69618e-14
7516 5.90587e-14
7518 5.50875e-14
7520 5.4677e-14
7522 5.47727e-14
7524 5.96203e-14
7526 5.72925e-14
7528 5.69441e-14
7530 5.90139e-14
7532 5.70092e-14
7534 5.6672e-14
7536 5.65515e-14
7538 5.7779e-14
7540 6.2688e-14
7542 5.80926e-14
7544 6.16513e-14
7546 6.45759e-14
7548 6.18701e-14
7550 6.12658e-14
7552 6.2617e-14
7554 6.14846e-14
7556 5.89071e-14
7558 6.24065e-14
7560 6.42995e-14
7562 5.90083e-14
7564 5.81765e-14
7566 5.92455e-14
7568 6.04201e-14
7570 6.19104e-14
7572 6.24521e-14
7574 6.15812e-14
7576 6.30924e-14
7578 6.26535e-14
7580 6.00602e-14
7582 6.10267e-14
7584 6.46088e-14
7586 6.81187e-14
7588 5.41849e-14
7590 4.44639e-14
7592 7.15239e-14
7594 1.12947e-13
7596 8.88655e-14
7598 7.30563e-14
7600 8.81976e-14
7602 1.03851e-13
7604 1.00389e-13
7606 8.72353e-14
7608 7.83209e-14
7610 7.30856e-14
7612 8.28762e-14
7614 6.61986e-14
7616 3.53478e-14
7618 4.50547e-14
7620 8.24894e-14
7622 9.64862e-14
7624 9.24723e-14
7626 8.18333e-14
7628 8.03809e-14
7630 7.84651e-14
7632 8.07878e-14
7634 7.54031e-14
7636 6.53029e-14
7638 8.66446e-14
7640 6.49642e-14
7642 8.76404e-14
7644 6.8942e-14
7646 6.99502e-14
7648 8.20812e-14
7650 6.75298e-14
7652 8.8282e-14
7654 7.44561e-14
7656 6.80116e-14
7658 9.02126e-14
7660 6.64923e-14
7662 7.6164e-14
7664 9.21382e-14
7666 7.64007e-14
7668 8.546e-14
7670 8.7859e-14
7672 7.73791e-14
7674 8.46435e-14
7676 9.36e-14
7678 8.57924e-14
7680 8.89247e-14
7682 8.73214e-14
7684 8.37153e-14
7686 9.18616e-14
7688 1.00601e-13
7690 8.82541e-14
7692 9.54552e-14
7694 1.06139e-13
7696 9.36896e-14
7698 9.59846e-14
7700 9.8174e-14
7702 9.64065e-14
7704 9.74767e-14
7706 9.61002e-14
7708 1.01952e-13
7710 1.01083e-13
7712 9.61394e-14
7714 9.79085e-14
7716 1.01713e-13
7718 1.14236e-13
7720 1.07208e-13
7722 9.89306e-14
7724 1.05914e-13
7726 1.01765e-13
7728 9.32571e-14
7730 9.97124e-14
7732 1.07462e-13
7734 1.04482e-13
7736 1.0625e-13
7738 1.05637e-13
7740 1.08775e-13
7742 1.09173e-13
7744 1.0548e-13
7746 1.06188e-13
7748 1.07681e-13
7750 1.11038e-13
7752 1.11146e-13
7754 1.09852e-13
7756 1.10414e-13
7758 1.07485e-13
7760 1.04506e-13
7762 1.13013e-13
7764 1.09655e-13
7766 1.05157e-13
7768 1.14146e-13
7770 1.15709e-13
7772 1.16114e-13
7774 1.11905e-13
7776 1.15854e-13
7778 1.19933e-13
7780 1.21942e-13
7782 1.21882e-13
7784 1.15721e-13
7786 1.2142e-13
7788 1.29924e-13
7790 1.23949e-13
7792 1.28369e-13
7794 1.31951e-13
7796 1.31091e-13
7798 1.36755e-13
7800 1.33331e-13
7802 1.30258e-13
7804 1.34233e-13
7806 1.35696e-13
7808 1.30811e-13
7810 1.33052e-13
7812 1.44732e-13
7814 1.41826e-13
7816 1.49582e-13
7818 1.49186e-13
7820 1.52982e-13
7822 1.61856e-13
7824 1.57278e-13
7826 1.50545e-13
7828 1.56477e-13
7830 1.50562e-13
7832 1.4437e-13
7834 1.51903e-13
7836 1.4541e-13
7838 1.55815e-13
7840 1.57035e-13
7842 1.56044e-13
7844 1.61388e-13
7846 1.59139e-13
7848 1.54699e-13
7850 1.58143e-13
7852 1.57687e-13
7854 1.4999e-13
7856 1.51292e-13
7858 1.56128e-13
7860 1.58373e-13
7862 1.60163e-13
7864 1.6601e-13
7866 1.55373e-13
7868 1.60568e-13
7870 1.7355e-13
7872 1.68141e-13
7874 1.66052e-13
7876 1.62852e-13
7878 1.6108e-13
7880 1.6385e-13
7882 1.6733e-13
7884 1.68345e-13
7886 1.80602e-13
7888 1.72066e-13
7890 1.71084e-13
7892 1.66054e-13
7894 1.65131e-13
7896 1.74716e-13
7898 1.73327e-13
7900 1.72835e-13
7902 1.79876e-13
7904 1.72253e-13
7906 1.77139e-13
7908 1.80244e-13
7910 1.64721e-13
7912 1.84368e-13
7914 1.99137e-13
7916 1.8174e-13
7918 1.85269e-13
7920 1.89142e-13
7922 1.96936e-13
7924 2.02777e-13
7926 1.98294e-13
7928 2.00797e-13
7930 1.95632e-13
7932 1.92224e-13
7934 1.94307e-13
7936 1.91359e-13
7938 1.96163e-13
7940 1.93634e-13
7942 1.84872e-13
7944 1.98194e-13
7946 1.9405e-13
7948 2.03334e-13
7950 2.17308e-13
7952 2.15115e-13
7954 2.24231e-13
7956 2.22259e-13
7958 2.14803e-13
7960 2.07207e-13
7962 2.02354e-13
7964 2.07741e-13
7966 2.07302e-13
7968 2.17218e-13
7970 2.19697e-13
7972 2.18523e-13
7974 2.24204e-13
7976 2.16907e-13
7978 2.15109e-13
7980 2.1782e-13
7982 2.1874e-13
7984 2.13506e-13
7986 2.09998e-13
7988 2.21064e-13
7990 2.27495e-13
7992 2.18887e-13
7994 2.28949e-13
7996 2.22933e-13
7998 2.17235e-13
8000 2.26033e-13
8002 2.22298e-13
8004 2.35495e-13
8006 2.2956e-13
8008 2.37349e-13
8010 2.43978e-13
8012 2.32774e-13
8014 2.30156e-13
8016 2.28223e-13
8018 2.34634e-13
8020 2.44699e-13
8022 2.38861e-13
8024 2.48136e-13
8026 2.42428e-13
8028 2.351e-13
8030 2.43362e-13
8032 2.38139e-13
8034 2.51034e-13
8036 2.32468e-13
8038 2.46223e-13
8040 2.5796e-13
8042 2.55425e-13
8044 2.60246e-13
8046 2.59728e-13
8048 2.63912e-13
8050 2.50413e-13
8052 2.47657e-13
8054 2.52611e-13
8056 2.4439e-13
8058 2.79606e-13
8060 2.71835e-13
8062 2.69607e-13
8064 2.65601e-13
8066 2.48096e-13
8068 2.68485e-13
8070 2.87321e-13
8072 2.89732e-13
8074 2.76946e-13
8076 2.84402e-13
8078 2.63737e-13
8080 2.65638e-13
8082 2.66322e-13
8084 2.78057e-13
8086 2.79003e-13
8088 2.55676e-13
8090 2.66844e-13
8092 2.76174e-13
8094 2.79786e-13
8096 2.84153e-13
8098 2.73358e-13
8100 2.7022e-13
8102 2.7901e-13
8104 2.80474e-13
8106 2.61011e-13
8108 2.91145e-13
8110 2.84511e-13
8112 2.74122e-13
8114 2.90902e-13
8116 2.79667e-13
8118 2.76319e-13
8120 2.80585e-13
8122 2.98801e-13
8124 3.04899e-13
8126 2.90944e-13
8128 2.76609e-13
8130 2.72709e-13
8132 2.88463e-13
8134 2.83656e-13
8136 2.84683e-13
8138 2.98056e-13
8140 2.85509e-13
8142 2.76412e-13
8144 2.93404e-13
8146 3.03293e-13
8148 2.87737e-13
8150 2.92251e-13
8152 3.01987e-13
8154 2.95118e-13
8156 2.87483e-13
8158 2.80863e-13
8160 3.01717e-13
8162 3.03125e-13
8164 2.89468e-13
8166 2.90114e-13
8168 2.98723e-13
8170 2.94677e-13
8172 2.78838e-13
8174 3.02206e-13
8176 3.04641e-13
8178 2.84115e-13
8180 2.81792e-13
8182 3.1073e-13
8184 2.84142e-13
8186 2.86353e-13
8188 2.95436e-13
8190 3.06017e-13
8192 3.15185e-13
8194 2.88359e-13
8196 2.92212e-13
8198 3.00839e-13
8200 3.03837e-13
8202 2.87726e-13
8204 3.01224e-13
8206 2.86686e-13
8208 3.10528e-13
8210 3.32166e-13
8212 3.02075e-13
8214 2.78869e-13
8216 2.83662e-13
8218 2.86374e-13
8220 2.94449e-13
8222 2.87308e-13
8224 2.94114e-13
8226 3.09459e-13
8228 3.10912e-13
8230 2.86797e-13
8232 2.84684e-13
8234 2.84528e-13
8236 2.85465e-13
8238 2.85276e-13
8240 3.12568e-13
8242 3.18425e-13
8244 2.9599e-13
8246 2.8874e-13
8248 2.73204e-13
8250 2.71485e-13
8252 2.51688e-13
8254 2.50532e-13
8256 2.61136e-13
8258 2.71825e-13
8260 2.91157e-13
8262 3.17419e-13
8264 3.40454e-13
8266 3.40464e-13
8268 3.1714e-13
8270 3.14446e-13
8272 3.46297e-13
8274 3.49786e-13
8276 3.33331e-13
8278 3.19799e-13
8280 3.39258e-13
8282 3.31177e-13
8284 3.27749e-13
8286 3.44089e-13
8288 3.51681e-13
8290 3.83712e-13
8292 3.96111e-13
8294 3.99501e-13
8296 3.87277e-13
8298 3.6961e-13
8300 3.6247e-13
8302 3.95415e-13
8304 4.05074e-13
8306 3.87782e-13
8308 4.01742e-13
8310 4.08091e-13
8312 3.81061e-13
8314 3.70968e-13
8316 3.98821e-13
8318 4.12463e-13
8320 4.13387e-13
8322 4.21043e-13
8324 4.58765e-13
8326 4.41248e-13
8328 4.13695e-13
8330 4.11992e-13
8332 4.66485e-13
8334 4.61629e-13
8336 4.38308e-13
8338 4.48482e-13
8340 4.52019e-13
8342 4.4634e-13
8344 4.40701e-13
8346 4.68813e-13
8348 4.99126e-13
8350 5.01434e-13
8352 4.52326e-13
8354 4.88237e-13
8356 4.55248e-13
8358 4.94097e-13
8360 4.73122e-13
8362 4.86857e-13
8364 4.66214e-13
8366 4.65379e-13
8368 4.64631e-13
8370 4.59408e-13
8372 4.82061e-13
8374 5.44703e-13
8376 5.36525e-13
8378 4.88994e-13
8380 4.7856e-13
8382 4.7777e-13
8384 4.98952e-13
8386 4.80196e-13
8388 4.94535e-13
8390 5.27635e-13
8392 5.36731e-13
8394 5.77535e-13
8396 6.11758e-13
8398 5.85622e-13
8400 5.71387e-13
8402 6.57443e-13
8404 6.28233e-13
8406 5.45229e-13
8408 5.49074e-13
8410 5.91169e-13
8412 5.88154e-13
8414 5.70134e-13
8416 6.07679e-13
8418 6.42387e-13
8420 6.50934e-13
8422 6.51002e-13
8424 6.84835e-13
8426 6.70319e-13
8428 6.52332e-13
8430 6.51187e-13
8432 6.27596e-13
8434 5.92596e-13
8436 5.76697e-13
8438 6.17723e-13
8440 6.42635e-13
8442 6.30336e-13
8444 6.41117e-13
8446 6.46564e-13
8448 6.60001e-13
8450 6.86602e-13
8452 6.91455e-13
8454 7.13948e-13
8456 7.07426e-13
8458 7.08984e-13
8460 7.23063e-13
8462 7.39367e-13
8464 7.06529e-13
8466 6.50444e-13
8468 6.70354e-13
8470 6.64636e-13
8472 6.70583e-13
8474 6.61945e-13
8476 6.66065e-13
8478 6.58337e-13
8480 6.37706e-13
8482 6.97265e-13
8484 6.88492e-13
8486 6.88044e-13
8488 6.69451e-13
8490 6.65944e-13
8492 6.89098e-13
8494 7.51853e-13
8496 6.9715e-13
8498 7.13123e-13
8500 7.17003e-13
8502 7.149e-13
8504 7.54486e-13
8506 7.56062e-13
8508 7.57814e-13
8510 7.677e-13
8512 8.05061e-13
8514 7.91687e-13
8516 8.0347e-13
8518 8.10969e-13
8520 8.09058e-13
8522 8.05394e-13
8524 8.11847e-13
8526 7.7094e-13
8528 7.67966e-13
8530 8.52877e-13
8532 8.55094e-13
8534 8.26043e-13
8536 8.21938e-13
8538 8.34547e-13
8540 8.31934e-13
8542 8.20453e-13
8544 8.11337e-13
8546 8.31025e-13
8548 8.27047e-13
8550 8.05404e-13
8552 7.93595e-13
8554 8.50177e-13
8556 8.96894e-13
8558 8.7164e-13
8560 8.69996e-13
8562 8.46221e-13
8564 7.95104e-13
8566 8.05282e-13
8568 8.14672e-13
8570 8.55775e-13
8572 8.90906e-13
8574 8.67542e-13
8576 8.56198e-13
8578 9.01977e-13
8580 9.8014e-13
8582 9.95186e-13
8584 9.65246e-13
8586 9.83517e-13
8588 1.02788e-12
8590 9.81238e-13
8592 9.03979e-13
8594 8.61351e-13
8596 8.75201e-13
8598 8.64713e-13
8600 8.70129e-13
8602 8.96102e-13
8604 8.67306e-13
8606 8.36417e-13
8608 8.89782e-13
8610 9.03262e-13
8612 9.20422e-13
8614 9.07622e-13
8616 9.24391e-13
8618 8.40285e-13
8620 8.09074e-13
8622 8.44929e-13
8624 9.13639e-13
8626 9.31316e-13
8628 9.68199e-13
8630 9.79067e-13
8632 9.81644e-13
8634 1.06258e-12
8636 9.95546e-13
8638 1.02645e-12
8640 1.10319e-12
8642 1.06672e-12
8644 1.03649e-12
8646 1.05455e-12
8648 1.09279e-12
8650 1.10891e-12
8652 1.08213e-12
8654 1.10462e-12
8656 1.06782e-12
8658 1.12987e-12
8660 1.10832e-12
8662 1.0715e-12
8664 1.07958e-12
8666 1.12298e-12
8668 1.05915e-12
8670 1.01764e-12
8672 1.07394e-12
8674 1.04049e-12
8676 1.11505e-12
8678 1.11834e-12
8680 1.14393e-12
8682 1.09766e-12
8684 1.0358e-12
8686 1.03916e-12
8688 1.05311e-12
8690 1.10171e-12
8692 1.13368e-12
8694 1.22548e-12
8696 1.20271e-12
8698 1.19967e-12
8700 1.2114e-12
8702 1.15712e-12
8704 1.2026e-12
8706 1.15966e-12
8708 1.18405e-12
8710 1.14064e-12
8712 1.13826e-12
8714 1.16713e-12
8716 1.17595e-12
8718 1.18778e-12
8720 1.22404e-12
8722 1.20917e-12
8724 1.2042e-12
8726 1.19784e-12
8728 1.15959e-12
8730 1.14581e-12
8732 1.20733e-12
8734 1.18965e-12
8736 1.12285e-12
8738 1.13595e-12
8740 1.19056e-12
8742 1.28265e-12
8744 1.28942e-12
8746 1.26324e-12
8748 1.31077e-12
8750 1.29421e-12
8752 1.28218e-12
8754 1.2809e-12
8756 1.26819e-12
8758 1.3152e-12
8760 1.31154e-12
8762 1.34304e-12
8764 1.35884e-12
8766 1.39248e-12
8768 1.33801e-12
8770 1.22916e-12
8772 1.17436e-12
8774 1.29339e-12
8776 1.3198e-12
8778 1.35618e-12
8780 1.42828e-12
8782 1.38573e-12
8784 1.35724e-12
8786 1.38555e-12
8788 1.38428e-12
8790 1.37723e-12
8792 1.38649e-12
8794 1.45699e-12
8796 1.46491e-12
8798 1.44865e-12
8800 1.25512e-12
8802 1.23302e-12
8804 1.23533e-12
8806 1.26018e-12
8808 1.31162e-12
8810 1.28946e-12
8812 1.26471e-12
8814 1.27605e-12
8816 1.27022e-12
8818 1.25397e-12
8820 1.29863e-12
8822 1.34752e-12
8824 1.33976e-12
8826 1.38405e-12
8828 1.38718e-12
8830 1.32737e-12
8832 1.34197e-12
8834 1.29551e-12
8836 1.32146e-12
8838 1.29288e-12
8840 1.36572e-12
8842 1.37011e-12
8844 1.33252e-12
8846 1.38287e-12
8848 1.33021e-12
8850 1.26484e-12
8852 1.18666e-12
8854 1.1458e-12
8856 1.19539e-12
8858 1.16166e-12
8860 1.2955e-12
8862 1.3055e-12
8864 1.22407e-12
8866 1.1828e-12
8868 1.19801e-12
8870 1.28457e-12
8872 1.33884e-12
8874 1.3826e-12
8876 1.41963e-12
8878 1.37747e-12
8880 1.3577e-12
8882 1.27759e-12
8884 1.25267e-12
8886 1.22026e-12
8888 1.30142e-12
8890 1.39276e-12
8892 1.38115e-12
8894 1.41583e-12
8896 1.45149e-12
8898 1.52786e-12
8900 1.48475e-12
8902 1.54908e-12
8904 1.59418e-12
8906 1.53271e-12
8908 1.5883e-12
8910 1.67955e-12
8912 1.61311e-12
8914 1.53477e-12
8916 1.50602e-12
8918 1.47598e-12
8920 1.50317e-12
8922 1.61542e-12
8924 1.58602e-12
8926 1.57509e-12
8928 1.562e-12
8930 1.66748e-12
8932 1.58937e-12
8934 1.50172e-12
8936 1.53094e-12
8938 1.63214e-12
8940 1.64147e-12
8942 1.68498e-12
8944 1.68168e-12
8946 1.50369e-12
