5180 3.8655e-21
5182 3.94978e-21
5184 4.05021e-21
5186 4.06545e-21
5188 4.13515e-21
5190 3.82386e-21
5192 2.9145e-21
5194 3.20887e-21
5196 2.43798e-21
5198 2.68889e-21
5200 3.04051e-21
5202 2.11296e-21
5204 1.92777e-21
5206 2.7046e-21
5208 2.66164e-21
5210 2.14051e-21
5212 2.59014e-21
5214 2.80068e-21
5216 2.2351e-21
5218 2.44245e-21
5220 2.07657e-21
5222 2.28726e-21
5224 2.03087e-21
5226 1.87882e-21
5228 1.79975e-21
5230 1.43436e-21
5232 1.38161e-21
5234 2.31606e-21
5236 2.49343e-21
5238 2.0182e-21
5240 1.51905e-21
5242 1.65203e-21
5244 1.92442e-21
5246 1.78726e-21
5248 2.04207e-21
5250 1.85575e-21
5252 2.37139e-21
5254 2.25407e-21
5256 2.01788e-21
5258 2.15506e-21
5260 1.87718e-21
5262 2.06058e-21
5264 2.53276e-21
5266 2.46832e-21
5268 3.29627e-21
5270 2.66128e-21
5272 2.18541e-21
5274 1.99076e-21
5276 2.55119e-21
5278 3.54976e-21
5280 3.18448e-21
5282 2.79024e-21
5284 2.66663e-21
5286 2.14076e-21
5288 4.15607e-21
5290 2.89812e-21
5292 3.04998e-21
5294 3.22741e-21
5296 2.63942e-21
5298 2.70016e-21
5300 3.5958e-21
5302 4.73096e-21
5304 4.01974e-21
5306 3.24378e-21
5308 3.17255e-21
5310 3.7706e-21
5312 3.52511e-21
5314 3.34483e-21
5316 4.11733e-21
5318 3.35615e-21
5320 3.93586e-21
5322 4.01081e-21
5324 3.14715e-21
5326 3.53082e-21
5328 3.79716e-21
5330 3.67733e-21
5332 3.58443e-21
5334 4.14506e-21
5336 4.00426e-21
5338 5.12822e-21
5340 4.12985e-21
5342 3.93861e-21
5344 3.40157e-21
5346 4.88991e-21
5348 6.45153e-21
5350 4.84295e-21
5352 4.8525e-21
5354 5.7227e-21
5356 5.99069e-21
5358 6.1608e-21
5360 6.04283e-21
5362 6.64252e-21
5364 5.59112e-21
5366 4.33917e-21
5368 5.37242e-21
5370 5.47937e-21
5372 5.51335e-21
5374 7.25338e-21
5376 7.34558e-21
5378 8.47975e-21
5380 8.36635e-21
5382 9.60079e-21
5384 9.88524e-21
5386 7.10333e-21
5388 7.7687e-21
5390 8.7545e-21
5392 1.06657e-20
5394 8.84438e-21
5396 8.50562e-21
5398 9.44485e-21
5400 8.33826e-21
5402 8.10059e-21
5404 8.37908e-21
5406 8.0901e-21
5408 8.68084e-21
5410 8.02028e-21
5412 7.89229e-21
5414 7.01569e-21
5416 6.07796e-21
5418 7.00603e-21
5420 7.02431e-21
5422 4.97288e-21
5424 3.63674e-21
5426 4.30717e-21
5428 6.29377e-21
5430 7.3256e-21
5432 8.6615e-21
5434 1.24784e-20
5436 1.21238e-20
5438 1.44743e-20
5440 1.48264e-20
5442 1.48347e-20
5444 1.78088e-20
5446 1.73682e-20
5448 2.06345e-20
5450 1.84754e-20
5452 2.01408e-20
5454 2.26712e-20
5456 2.40079e-20
5458 2.58532e-20
5460 2.68776e-20
5462 2.93983e-20
5464 3.25081e-20
5466 3.66292e-20
5468 3.28005e-20
5470 3.29567e-20
5472 3.57499e-20
5474 3.03459e-20
5476 3.90179e-20
5478 4.36205e-20
5480 4.01429e-20
5482 5.05115e-20
5484 6.24557e-20
5486 5.10618e-20
5488 5.07853e-20
5490 4.53709e-20
5492 5.91564e-20
5494 5.87547e-20
5496 6.25639e-20
5498 6.70497e-20
5500 6.31128e-20
5502 5.84733e-20
5504 6.27375e-20
5506 5.51195e-20
5508 6.27461e-20
5510 6.84723e-20
5512 8.36728e-20
5514 6.69626e-20
5516 7.48697e-20
5518 8.24715e-20
5520 8.03495e-20
5522 7.3555e-20
5524 7.75402e-20
5526 9.31825e-20
5528 8.64109e-20
5530 8.39461e-20
5532 1.03764e-19
5534 1.1298e-19
5536 1.15142e-19
5538 9.53032e-20
5540 9.20522e-20
5542 1.08839e-19
5544 1.21534e-19
5546 1.05018e-19
5548 1.07661e-19
5550 1.2259e-19
5552 1.33416e-19
5554 1.40269e-19
5556 1.20726e-19
5558 1.25649e-19
5560 1.44503e-19
5562 1.4892e-19
5564 1.75317e-19
5566 1.47551e-19
5568 1.34419e-19
5570 1.61293e-19
5572 1.68582e-19
5574 1.56144e-19
5576 1.7888e-19
5578 1.79406e-19
5580 1.68902e-19
5582 1.67598e-19
5584 1.68137e-19
5586 1.61338e-19
5588 2.15484e-19
5590 2.41397e-19
5592 1.92985e-19
5594 1.61899e-19
5596 2.21044e-19
5598 2.34009e-19
5600 2.10043e-19
5602 2.05846e-19
5604 2.48025e-19
5606 2.38833e-19
5608 2.074e-19
5610 1.9839e-19
5612 2.89518e-19
5614 2.57675e-19
5616 2.55261e-19
5618 2.93897e-19
5620 2.96065e-19
5622 2.91171e-19
5624 3.01917e-19
5626 2.70743e-19
5628 2.60468e-19
5630 2.50026e-19
5632 3.01647e-19
5634 3.4475e-19
5636 3.42133e-19
5638 3.2593e-19
5640 3.03126e-19
5642 2.93053e-19
5644 3.65439e-19
5646 4.01883e-19
5648 3.8646e-19
5650 3.81281e-19
5652 3.93368e-19
5654 3.99061e-19
5656 4.29206e-19
5658 4.1751e-19
5660 4.21638e-19
5662 4.43216e-19
5664 4.56667e-19
5666 4.15112e-19
5668 4.03537e-19
5670 4.24874e-19
5672 4.17311e-19
5674 4.60055e-19
5676 3.92279e-19
5678 3.48176e-19
5680 3.58754e-19
5682 3.42458e-19
5684 4.06204e-19
5686 4.50063e-19
5688 4.40192e-19
5690 4.05279e-19
5692 3.33349e-19
5694 3.27961e-19
5696 3.72781e-19
5698 3.47488e-19
5700 3.19259e-19
5702 2.8274e-19
5704 3.39567e-19
5706 2.96937e-19
5708 1.53434e-19
5710 6.95672e-20
5712 1.11765e-19
5714 2.45573e-19
5716 3.16963e-19
5718 3.4649e-19
5720 3.93368e-19
5722 4.04452e-19
5724 4.02315e-19
5726 4.60985e-19
5728 5.21859e-19
5730 5.96965e-19
5732 5.32448e-19
5734 4.58042e-19
5736 5.36941e-19
5738 6.49598e-19
5740 6.46115e-19
5742 5.65647e-19
5744 5.28276e-19
5746 5.89393e-19
5748 6.09688e-19
5750 5.5493e-19
5752 5.69131e-19
5754 6.57002e-19
5756 6.38333e-19
5758 6.81127e-19
5760 6.55335e-19
5762 6.69832e-19
5764 6.62465e-19
5766 6.302e-19
5768 6.28897e-19
5770 5.98597e-19
5772 5.6917e-19
5774 5.62321e-19
5776 5.78016e-19
5778 6.08269e-19
5780 5.88905e-19
5782 5.32757e-19
5784 5.36919e-19
5786 6.30681e-19
5788 5.80174e-19
5790 5.15742e-19
5792 5.34397e-19
5794 5.61543e-19
5796 4.6713e-19
5798 3.91898e-19
5800 4.41153e-19
5802 4.29606e-19
5804 3.43749e-19
5806 3.03912e-19
5808 3.50833e-19
5810 3.55249e-19
5812 4.55468e-19
5814 4.50575e-19
5816 4.07789e-19
5818 3.70388e-19
5820 4.15983e-19
5822 5.01675e-19
5824 6.18381e-19
5826 6.16425e-19
5828 5.60318e-19
5830 6.20918e-19
5832 6.27553e-19
5834 6.05055e-19
5836 1.00036e-18
5838 8.48364e-19
5840 9.07172e-19
5842 9.98521e-19
5844 8.67033e-19
5846 1.07979e-18
5848 1.15463e-18
5850 1.11192e-18
5852 1.26958e-18
5854 1.37156e-18
5856 1.37748e-18
5858 1.25901e-18
5860 1.30491e-18
5862 1.36022e-18
5864 1.31084e-18
5866 1.32329e-18
5868 1.33898e-18
5870 1.45385e-18
5872 1.32577e-18
5874 1.33333e-18
5876 1.44783e-18
5878 1.42152e-18
5880 1.52719e-18
5882 1.47696e-18
5884 1.52388e-18
5886 2.05314e-18
5888 1.81471e-18
5890 5.64361e-19
5892 3.62213e-19
5894 8.77499e-19
5896 1.66969e-18
5898 1.75253e-18
5900 1.73433e-18
5902 2.60928e-18
5904 7.57587e-18
5906 1.15179e-17
5908 7.72396e-18
5910 7.0748e-18
5912 7.43666e-18
5914 5.41862e-18
5916 3.8305e-18
5918 3.86852e-18
5920 3.62832e-18
5922 3.71559e-18
5924 3.88928e-18
5926 3.99845e-18
5928 4.11902e-18
5930 4.13636e-18
5932 4.91402e-18
5934 4.90433e-18
5936 5.18281e-18
5938 5.64785e-18
5940 6.81925e-18
5942 6.18437e-18
5944 5.664e-18
5946 6.05388e-18
5948 6.33054e-18
5950 6.89165e-18
5952 7.631e-18
5954 7.26846e-18
5956 8.02629e-18
5958 7.62945e-18
5960 8.18021e-18
5962 8.49491e-18
5964 9.13977e-18
5966 8.80877e-18
5968 8.99223e-18
5970 1.08368e-17
5972 1.11041e-17
5974 1.04805e-17
5976 1.13986e-17
5978 1.29181e-17
5980 1.1674e-17
5982 1.05499e-17
5984 1.30808e-17
5986 1.08506e-17
5988 1.29419e-17
5990 1.05048e-17
5992 1.27284e-17
5994 1.58488e-17
5996 1.5261e-17
5998 1.36988e-17
6000 1.51505e-17
6002 1.56264e-17
6004 1.51215e-17
6006 1.48971e-17
6008 1.54087e-17
6010 1.79768e-17
6012 1.85908e-17
6014 1.6281e-17
6016 1.64858e-17
6018 1.6552e-17
6020 1.62223e-17
6022 1.72038e-17
6024 1.75518e-17
6026 1.78742e-17
6028 1.8174e-17
6030 1.99231e-17
6032 1.92159e-17
6034 1.91233e-17
6036 1.95735e-17
6038 2.08377e-17
6040 2.06554e-17
6042 2.19009e-17
6044 2.19081e-17
6046 2.18447e-17
6048 2.17234e-17
6050 2.09852e-17
6052 2.27225e-17
6054 2.33798e-17
6056 2.32651e-17
6058 2.2289e-17
6060 2.69172e-17
6062 2.518e-17
6064 2.35072e-17
6066 2.48027e-17
6068 2.69653e-17
6070 2.82402e-17
6072 2.67825e-17
6074 2.68482e-17
6076 2.82006e-17
6078 2.70695e-17
6080 2.76684e-17
6082 2.92986e-17
6084 2.95765e-17
6086 2.96108e-17
6088 2.92491e-17
6090 2.95295e-17
6092 2.92954e-17
6094 3.36096e-17
6096 3.39106e-17
6098 3.14301e-17
6100 3.49138e-17
6102 3.65248e-17
6104 3.60854e-17
6106 3.81177e-17
6108 3.80986e-17
6110 3.72361e-17
6112 3.9356e-17
6114 3.83194e-17
6116 3.7339e-17
6118 4.05556e-17
6120 3.72432e-17
6122 3.79707e-17
6124 4.25173e-17
6126 4.33294e-17
6128 4.19684e-17
6130 4.84509e-17
6132 4.96144e-17
6134 4.76992e-17
6136 4.79907e-17
6138 4.70353e-17
6140 4.42379e-17
6142 4.88474e-17
6144 5.14491e-17
6146 4.57588e-17
6148 4.6473e-17
6150 5.12291e-17
6152 4.9719e-17
6154 5.37761e-17
6156 5.11709e-17
6158 5.14932e-17
6160 5.29208e-17
6162 5.59965e-17
6164 5.52562e-17
6166 5.71646e-17
6168 5.88542e-17
6170 5.90902e-17
6172 5.93934e-17
6174 6.03894e-17
6176 5.66602e-17
6178 5.96875e-17
6180 6.30874e-17
6182 5.77988e-17
6184 5.96847e-17
6186 5.76347e-17
6188 6.09199e-17
6190 6.47033e-17
6192 6.2909e-17
6194 6.53984e-17
6196 7.158e-17
6198 6.93503e-17
6200 6.57888e-17
6202 7.31885e-17
6204 7.49795e-17
6206 7.07586e-17
6208 6.76583e-17
6210 7.61116e-17
6212 7.46009e-17
6214 7.56723e-17
6216 7.07279e-17
6218 7.85758e-17
6220 7.99389e-17
6222 8.6849e-17
6224 7.86388e-17
6226 8.88395e-17
6228 8.44726e-17
6230 8.22192e-17
6232 8.35119e-17
6234 9.04653e-17
6236 9.41764e-17
6238 9.57386e-17
6240 9.52498e-17
6242 9.61808e-17
6244 9.95627e-17
6246 1.07054e-16
6248 1.02334e-16
6250 9.82106e-17
6252 1.06126e-16
6254 9.24434e-17
6256 1.03383e-16
6258 1.10845e-16
6260 1.14072e-16
6262 1.30928e-16
6264 1.1785e-16
6266 1.1435e-16
6268 1.26128e-16
6270 1.27594e-16
6272 1.1648e-16
6274 1.26177e-16
6276 1.46313e-16
6278 1.6094e-16
6280 1.41919e-16
6282 1.41285e-16
6284 1.25381e-16
6286 1.42643e-16
6288 1.42178e-16
6290 1.43039e-16
6292 1.52372e-16
6294 1.40683e-16
6296 1.43055e-16
6298 1.45132e-16
6300 1.27732e-16
6302 1.34475e-16
6304 1.66607e-16
6306 1.56083e-16
6308 1.5245e-16
6310 1.5333e-16
6312 1.59531e-16
6314 1.57841e-16
6316 1.63848e-16
6318 1.57507e-16
6320 1.51495e-16
6322 1.5794e-16
6324 1.59144e-16
6326 1.58187e-16
6328 1.82131e-16
6330 1.7436e-16
6332 1.59817e-16
6334 1.60591e-16
6336 1.73641e-16
6338 1.74803e-16
6340 1.81588e-16
6342 1.84072e-16
6344 1.99179e-16
6346 2.1776e-16
6348 1.95251e-16
6350 1.88007e-16
6352 1.8672e-16
6354 1.8783e-16
6356 2.00071e-16
6358 1.98885e-16
6360 1.98912e-16
6362 2.0627e-16
6364 1.99109e-16
6366 1.87734e-16
6368 1.87431e-16
6370 1.8966e-16
6372 1.95376e-16
6374 2.17557e-16
6376 2.19759e-16
6378 2.01021e-16
6380 2.00642e-16
6382 1.89773e-16
6384 2.10518e-16
6386 2.15827e-16
6388 2.06845e-16
6390 2.19471e-16
6392 2.2883e-16
6394 2.18339e-16
6396 1.93139e-16
6398 1.9402e-16
6400 1.914e-16
6402 1.91917e-16
6404 2.06542e-16
6406 2.09038e-16
6408 2.03892e-16
6410 1.94059e-16
6412 2.06857e-16
6414 2.14608e-16
6416 2.01569e-16
6418 1.84127e-16
6420 1.97429e-16
6422 2.11227e-16
6424 1.9995e-16
6426 2.18967e-16
6428 2.27487e-16
6430 2.23671e-16
6432 2.25457e-16
6434 2.19665e-16
6436 2.32412e-16
6438 2.33319e-16
6440 2.30891e-16
6442 2.05503e-16
6444 2.17148e-16
6446 2.35726e-16
6448 2.39346e-16
6450 2.14389e-16
6452 2.26765e-16
6454 2.2828e-16
6456 2.15994e-16
6458 2.1788e-16
6460 2.16167e-16
6462 2.19809e-16
6464 1.98949e-16
6466 1.87861e-16
6468 1.93862e-16
6470 2.10216e-16
6472 2.04435e-16
6474 2.01546e-16
6476 2.10314e-16
6478 1.92949e-16
6480 1.64866e-16
6482 1.7922e-16
6484 1.81887e-16
6486 1.71212e-16
6488 1.83955e-16
6490 1.80535e-16
6492 1.58965e-16
6494 1.58295e-16
6496 1.50995e-16
6498 1.25424e-16
6500 1.1738e-16
6502 1.28554e-16
6504 1.26538e-16
6506 1.19419e-16
6508 1.20896e-16
6510 1.17961e-16
6512 1.08721e-16
6514 1.07172e-16
6516 1.02091e-16
6518 8.81431e-17
6520 8.43103e-17
6522 7.58823e-17
6524 7.46508e-17
6526 6.84618e-17
6528 5.91099e-17
6530 5.03734e-17
6532 4.84908e-17
6534 4.3722e-17
6536 3.56148e-17
6538 2.96076e-17
6540 2.77982e-17
6542 2.51738e-17
6544 2.06331e-17
6546 1.75331e-17
6548 1.39325e-17
6550 1.14625e-17
6552 9.19532e-18
6554 7.65799e-18
6556 5.78991e-18
6558 4.15396e-18
6560 3.25014e-18
6562 2.3801e-18
6564 1.59825e-18
6566 1.06578e-18
6568 7.1232e-19
6570 4.23663e-19
6572 2.06928e-19
6574 6.42612e-20
6576 5.85075e-21
6578 7.59863e-23
6580 5.02556e-23
6582 1.50867e-21
6584 7.68215e-20
6586 3.96466e-19
6588 8.33809e-19
6590 1.37432e-18
6592 2.29347e-18
6594 3.10075e-18
6596 4.26295e-18
6598 5.98153e-18
6600 6.81188e-18
6602 1.00246e-17
6604 1.33858e-17
6606 2.0112e-17
6608 2.53389e-17
6610 3.21398e-17
6612 3.56837e-17
6614 4.62817e-17
6616 5.47312e-17
6618 6.45065e-17
6620 7.02591e-17
6622 8.69885e-17
6624 1.00471e-16
6626 1.00268e-16
6628 1.13016e-16
6630 1.25843e-16
6632 1.43129e-16
6634 1.73435e-16
6636 1.87736e-16
6638 1.85044e-16
6640 2.18538e-16
6642 2.48415e-16
6644 2.49868e-16
6646 2.66883e-16
6648 2.75327e-16
6650 2.77933e-16
6652 3.45788e-16
6654 3.45479e-16
6656 3.69879e-16
6658 3.87685e-16
6660 3.62733e-16
6662 4.22982e-16
6664 3.93547e-16
6666 4.1786e-16
6668 4.74181e-16
6670 5.04119e-16
6672 4.69084e-16
6674 4.62254e-16
6676 4.39335e-16
6678 4.96402e-16
6680 5.01939e-16
6682 4.63568e-16
6684 4.31947e-16
6686 4.52749e-16
6688 4.90057e-16
6690 4.85465e-16
6692 3.90218e-16
6694 2.07741e-16
6696 2.46568e-16
6698 3.96663e-16
6700 5.18857e-16
6702 6.19744e-16
6704 6.39236e-16
6706 6.47956e-16
6708 7.17064e-16
6710 7.8597e-16
6712 7.78257e-16
6714 7.75989e-16
6716 6.85487e-16
6718 7.71103e-16
6720 9.31054e-16
6722 9.12042e-16
6724 1.01285e-15
6726 9.86726e-16
6728 1.02935e-15
6730 1.12963e-15
6732 1.10181e-15
6734 1.13208e-15
6736 1.10173e-15
6738 1.15456e-15
6740 1.30527e-15
6742 1.34247e-15
6744 1.36204e-15
6746 1.30486e-15
6748 1.33665e-15
6750 1.56051e-15
6752 1.65666e-15
6754 1.54666e-15
6756 1.62662e-15
6758 1.70474e-15
6760 1.67135e-15
6762 1.73809e-15
6764 1.93288e-15
6766 1.86884e-15
6768 1.84629e-15
6770 1.95321e-15
6772 2.15711e-15
6774 2.13033e-15
6776 2.03465e-15
6778 2.23987e-15
6780 2.09793e-15
6782 2.21654e-15
6784 2.23197e-15
6786 2.24869e-15
6788 2.36668e-15
6790 2.49706e-15
6792 2.52487e-15
6794 2.39621e-15
6796 2.50503e-15
6798 2.55846e-15
6800 2.57366e-15
6802 2.69919e-15
6804 2.68141e-15
6806 2.62864e-15
6808 2.72484e-15
6810 2.70885e-15
6812 2.84834e-15
6814 3.17629e-15
6816 2.87718e-15
6818 3.02175e-15
6820 3.08589e-15
6822 2.96342e-15
6824 3.25565e-15
6826 3.21813e-15
6828 3.11984e-15
6830 3.07824e-15
6832 3.16801e-15
6834 3.32381e-15
6836 3.29276e-15
6838 3.43154e-15
6840 3.51413e-15
6842 3.57611e-15
6844 3.49743e-15
6846 3.42008e-15
6848 3.45528e-15
6850 3.52702e-15
6852 3.55264e-15
6854 3.60541e-15
6856 3.66495e-15
6858 3.73304e-15
6860 3.69901e-15
6862 3.10806e-15
6864 3.10524e-15
6866 4.94189e-15
6868 5.30767e-15
6870 3.95767e-15
6872 3.83304e-15
6874 3.94966e-15
6876 3.74142e-15
6878 3.24446e-15
6880 3.29599e-15
6882 3.95177e-15
6884 4.38644e-15
6886 4.45678e-15
6888 4.3637e-15
6890 3.98985e-15
6892 3.93969e-15
6894 4.21459e-15
6896 3.99011e-15
6898 4.0091e-15
6900 4.11943e-15
6902 4.33117e-15
6904 3.8566e-15
6906 3.9477e-15
6908 4.08528e-15
6910 3.97821e-15
6912 4.11659e-15
6914 3.99016e-15
6916 4.53877e-15
6918 4.52542e-15
6920 4.33102e-15
6922 4.89595e-15
6924 4.86658e-15
6926 4.91668e-15
6928 5.30604e-15
6930 4.98115e-15
6932 5.17039e-15
6934 5.34971e-15
6936 5.14899e-15
6938 5.15191e-15
6940 4.85773e-15
6942 5.13227e-15
6944 4.95639e-15
6946 5.22752e-15
6948 5.28938e-15
6950 5.47309e-15
6952 5.47394e-15
6954 5.65242e-15
6956 6.05109e-15
6958 5.74848e-15
6960 5.51695e-15
6962 5.2716e-15
6964 5.51148e-15
6966 6.13075e-15
6968 5.69622e-15
6970 5.34793e-15
6972 5.57044e-15
6974 6.12336e-15
6976 6.37507e-15
6978 5.83897e-15
6980 6.16508e-15
6982 6.42676e-15
6984 5.96171e-15
6986 6.18772e-15
6988 6.17576e-15
6990 5.87864e-15
6992 6.16953e-15
6994 6.48626e-15
6996 6.50114e-15
6998 5.92083e-15
7000 5.72781e-15
7002 5.76528e-15
7004 5.64236e-15
7006 6.13697e-15
7008 6.02024e-15
7010 5.86248e-15
7012 5.83189e-15
7014 5.72548e-15
7016 5.76339e-15
7018 6.08289e-15
7020 5.63129e-15
7022 5.21211e-15
7024 5.75907e-15
7026 5.54565e-15
7028 5.29905e-15
7030 5.92428e-15
7032 5.86634e-15
7034 5.60434e-15
7036 4.98859e-15
7038 5.35608e-15
7040 5.4657e-15
7042 5.66241e-15
7044 5.35664e-15
7046 5.05724e-15
7048 5.36551e-15
7050 4.99669e-15
7052 5.25589e-15
7054 4.854e-15
7056 4.81051e-15
7058 4.89836e-15
7060 4.82163e-15
7062 4.88361e-15
7064 5.08185e-15
7066 4.49437e-15
7068 4.28551e-15
7070 4.61644e-15
7072 4.37752e-15
7074 4.54956e-15
7076 4.35109e-15
7078 3.68775e-15
7080 2.49042e-15
7082 1.31401e-15
7084 1.41372e-15
7086 2.57159e-15
7088 3.47633e-15
7090 3.77575e-15
7092 3.80541e-15
7094 4.08634e-15
7096 4.33881e-15
7098 4.06516e-15
7100 3.94002e-15
7102 4.24554e-15
7104 4.09981e-15
7106 3.88053e-15
7108 3.86471e-15
7110 3.71324e-15
7112 3.55102e-15
7114 3.59943e-15
7116 3.57763e-15
7118 3.55137e-15
7120 3.57964e-15
7122 3.95886e-15
7124 4.00196e-15
7126 3.93824e-15
7128 3.85863e-15
7130 4.00939e-15
7132 4.22734e-15
7134 4.23774e-15
7136 4.32342e-15
7138 4.55862e-15
7140 4.78324e-15
7142 5.34845e-15
7144 5.90511e-15
7146 6.40739e-15
7148 6.37925e-15
7150 6.3034e-15
7152 6.45012e-15
7154 7.07851e-15
7156 7.91149e-15
7158 7.69645e-15
7160 7.46316e-15
7162 8.13734e-15
7164 7.96034e-15
7166 8.30417e-15
7168 8.15157e-15
7170 8.76626e-15
7172 9.25411e-15
7174 8.79526e-15
7176 9.43921e-15
7178 9.18799e-15
7180 9.4571e-15
7182 8.66693e-15
7184 9.71383e-15
7186 9.42116e-15
7188 9.09971e-15
7190 9.9673e-15
7192 9.74473e-15
7194 1.03522e-14
7196 1.08451e-14
7198 1.19114e-14
7200 1.08843e-14
7202 1.07976e-14
7204 1.17291e-14
7206 1.1982e-14
7208 1.2475e-14
7210 1.13739e-14
7212 1.23899e-14
7214 1.42101e-14
7216 1.44058e-14
7218 1.39799e-14
7220 1.43477e-14
7222 1.41295e-14
7224 1.57059e-14
7226 1.59169e-14
7228 1.45468e-14
7230 1.44618e-14
7232 1.62124e-14
7234 1.69219e-14
7236 1.52752e-14
7238 1.63239e-14
7240 1.6422e-14
7242 1.65445e-14
7244 1.6555e-14
7246 1.57283e-14
7248 1.59552e-14
7250 1.63438e-14
7252 1.78935e-14
7254 1.73756e-14
7256 1.67321e-14
7258 1.77623e-14
7260 1.84448e-14
7262 1.93855e-14
7264 1.9155e-14
7266 1.85881e-14
7268 1.95815e-14
7270 1.99136e-14
7272 2.03142e-14
7274 2.1093e-14
7276 2.13242e-14
7278 2.04634e-14
7280 2.08263e-14
7282 2.06215e-14
7284 2.00751e-14
7286 2.07391e-14
7288 2.10421e-14
7290 2.13863e-14
7292 2.33052e-14
7294 2.38524e-14
7296 2.18072e-14
7298 1.90571e-14
7300 1.9185e-14
7302 2.1027e-14
7304 2.14451e-14
7306 2.37039e-14
7308 2.6296e-14
7310 2.60526e-14
7312 2.49827e-14
7314 2.43723e-14
7316 2.43117e-14
7318 2.44867e-14
7320 2.51814e-14
7322 2.55582e-14
7324 2.58965e-14
7326 2.55335e-14
7328 2.5026e-14
7330 2.70645e-14
7332 2.91152e-14
7334 2.90185e-14
7336 2.84544e-14
7338 2.86485e-14
7340 3.08293e-14
7342 3.1726e-14
7344 3.26816e-14
7346 2.89927e-14
7348 2.87715e-14
7350 3.02504e-14
7352 3.15267e-14
7354 3.16558e-14
7356 3.28666e-14
7358 3.29981e-14
7360 3.39713e-14
7362 3.4065e-14
7364 3.42944e-14
7366 3.33752e-14
7368 3.57061e-14
7370 3.60134e-14
7372 3.95908e-14
7374 3.7807e-14
7376 3.6198e-14
7378 3.52671e-14
7380 3.40877e-14
7382 3.68805e-14
7384 3.62334e-14
7386 3.61943e-14
7388 3.73658e-14
7390 3.83464e-14
7392 3.93428e-14
7394 3.74756e-14
7396 3.84961e-14
7398 3.81909e-14
7400 3.85972e-14
7402 3.93004e-14
7404 4.02144e-14
7406 4.08724e-14
7408 4.11784e-14
7410 4.11818e-14
7412 4.33007e-14
7414 4.04067e-14
7416 3.95626e-14
7418 4.2373e-14
7420 4.3685e-14
7422 4.32056e-14
7424 4.26261e-14
7426 4.167e-14
7428 4.20461e-14
7430 4.25914e-14
7432 4.39824e-14
7434 4.21723e-14
7436 4.68396e-14
7438 4.81674e-14
7440 4.54876e-14
7442 4.5573e-14
7444 4.36955e-14
7446 4.65792e-14
7448 4.90139e-14
7450 4.87112e-14
7452 4.85355e-14
7454 4.70994e-14
7456 4.86001e-14
7458 4.91915e-14
7460 4.85799e-14
7462 5.07264e-14
7464 4.98138e-14
7466 4.84414e-14
7468 5.0134e-14
7470 4.97496e-14
7472 5.0381e-14
7474 5.12601e-14
7476 5.23407e-14
7478 5.42415e-14
7480 5.24189e-14
7482 4.95471e-14
7484 5.03072e-14
7486 5.24726e-14
7488 5.37759e-14
7490 5.69309e-14
7492 5.54819e-14
7494 5.41522e-14
7496 5.21319e-14
7498 5.29793e-14
7500 5.20977e-14
7502 5.37678e-14
7504 5.39567e-14
7506 5.70486e-14
7508 5.88495e-14
7510 5.74129e-14
7512 5.8372e-14
7514 5.73114e-14
7516 5.94213e-14
7518 5.54256e-14
7520 5.50127e-14
7522 5.5109e-14
7524 5.99863e-14
7526 5.76442e-14
7528 5.72937e-14
7530 5.93762e-14
7532 5.73592e-14
7534 5.70199e-14
7536 5.68987e-14
7538 5.81337e-14
7540 6.30728e-14
7542 5.84492e-14
7544 6.20297e-14
7546 6.49723e-14
7548 6.225e-14
7550 6.16419e-14
7552 6.30014e-14
7554 6.1862e-14
7556 5.92687e-14
7558 6.27896e-14
7560 6.46942e-14
7562 5.93705e-14
7564 5.85336e-14
7566 5.96092e-14
7568 6.0791e-14
7570 6.22905e-14
7572 6.28355e-14
7574 6.19592e-14
7576 6.34797e-14
7578 6.30381e-14
7580 6.04289e-14
7582 6.14014e-14
7584 6.50054e-14
7586 6.85369e-14
7588 5.45176e-14
7590 4.47369e-14
7592 7.19629e-14
7594 1.13641e-13
7596 8.9411e-14
7598 7.35048e-14
7600 8.8739e-14
7602 1.04488e-13
7604 1.01005e-13
7606 8.77708e-14
7608 7.88017e-14
7610 7.35343e-14
7612 8.33849e-14
7614 6.6605e-14
7616 3.55648e-14
7618 4.53313e-14
7620 8.29958e-14
7622 9.70785e-14
7624 9.30399e-14
7626 8.23357e-14
7628 8.08744e-14
7630 7.89467e-14
7632 8.12837e-14
7634 7.5866e-14
7636 6.57038e-14
7638 8.71765e-14
7640 6.5363e-14
7642 8.81784e-14
7644 6.93652e-14
7646 7.03796e-14
7648 8.25851e-14
7650 6.79443e-14
7652 8.88239e-14
7654 7.49132e-14
7656 6.84291e-14
7658 9.07664e-14
7660 6.69005e-14
7662 7.66316e-14
7664 9.27038e-14
7666 7.68697e-14
7668 8.59846e-14
7670 8.83983e-14
7672 7.78541e-14
7674 8.51631e-14
7676 9.41746e-14
7678 8.63191e-14
7680 8.94706e-14
7682 8.78575e-14
7684 8.42292e-14
7686 9.24255e-14
7688 1.01218e-13
7690 8.87958e-14
7692 9.60412e-14
7694 1.06791e-13
7696 9.42648e-14
7698 9.65738e-14
7700 9.87766e-14
7702 9.69984e-14
7704 9.80751e-14
7706 9.66901e-14
7708 1.02578e-13
7710 1.01703e-13
7712 9.67295e-14
7714 9.85095e-14
7716 1.02337e-13
7718 1.14937e-13
7720 1.07866e-13
7722 9.9538e-14
7724 1.06564e-13
7726 1.0239e-13
7728 9.38296e-14
7730 1.00325e-13
7732 1.08122e-13
7734 1.05123e-13
7736 1.06902e-13
7738 1.06286e-13
7740 1.09442e-13
7742 1.09843e-13
7744 1.06128e-13
7746 1.0684e-13
7748 1.08342e-13
7750 1.1172e-13
7752 1.11829e-13
7754 1.10526e-13
7756 1.11092e-13
7758 1.08145e-13
7760 1.05147e-13
7762 1.13707e-13
7764 1.10328e-13
7766 1.05803e-13
7768 1.14847e-13
7770 1.16419e-13
7772 1.16827e-13
7774 1.12592e-13
7776 1.16565e-13
7778 1.20669e-13
7780 1.22691e-13
7782 1.2263e-13
7784 1.16431e-13
7786 1.22166e-13
7788 1.30722e-13
7790 1.2471e-13
7792 1.29157e-13
7794 1.32761e-13
7796 1.31896e-13
7798 1.37594e-13
7800 1.34149e-13
7802 1.31057e-13
7804 1.35057e-13
7806 1.36529e-13
7808 1.31614e-13
7810 1.33869e-13
7812 1.45621e-13
7814 1.42697e-13
7816 1.505e-13
7818 1.50102e-13
7820 1.53921e-13
7822 1.62849e-13
7824 1.58243e-13
7826 1.5147e-13
7828 1.57438e-13
7830 1.51486e-13
7832 1.45256e-13
7834 1.52835e-13
7836 1.46303e-13
7838 1.56771e-13
7840 1.57999e-13
7842 1.57002e-13
7844 1.62379e-13
7846 1.60116e-13
7848 1.55649e-13
7850 1.59114e-13
7852 1.58655e-13
7854 1.50911e-13
7856 1.52221e-13
7858 1.57086e-13
7860 1.59345e-13
7862 1.61146e-13
7864 1.67029e-13
7866 1.56327e-13
7868 1.61553e-13
7870 1.74616e-13
7872 1.69173e-13
7874 1.67071e-13
7876 1.63852e-13
7878 1.62068e-13
7880 1.64856e-13
7882 1.68357e-13
7884 1.69378e-13
7886 1.8171e-13
7888 1.73123e-13
7890 1.72134e-13
7892 1.67073e-13
7894 1.66144e-13
7896 1.75788e-13
7898 1.74391e-13
7900 1.73896e-13
7902 1.8098e-13
7904 1.7331e-13
7906 1.78227e-13
7908 1.8135e-13
7910 1.65733e-13
7912 1.855e-13
7914 2.00359e-13
7916 1.82856e-13
7918 1.86406e-13
7920 1.90303e-13
7922 1.98145e-13
7924 2.04021e-13
7926 1.99512e-13
7928 2.0203e-13
7930 1.96833e-13
7932 1.93404e-13
7934 1.955e-13
7936 1.92534e-13
7938 1.97368e-13
7940 1.94823e-13
7942 1.86007e-13
7944 1.9941e-13
7946 1.95241e-13
7948 2.04582e-13
7950 2.18642e-13
7952 2.16435e-13
7954 2.25607e-13
7956 2.23623e-13
7958 2.16121e-13
7960 2.08479e-13
7962 2.03596e-13
7964 2.09017e-13
7966 2.08575e-13
7968 2.18552e-13
7970 2.21046e-13
7972 2.19865e-13
7974 2.25581e-13
7976 2.18239e-13
7978 2.16429e-13
7980 2.19157e-13
7982 2.20083e-13
7984 2.14817e-13
7986 2.11287e-13
7988 2.22421e-13
7990 2.28892e-13
7992 2.2023e-13
7994 2.30354e-13
7996 2.24301e-13
7998 2.18568e-13
8000 2.27421e-13
8002 2.23663e-13
8004 2.36941e-13
8006 2.30969e-13
8008 2.38806e-13
8010 2.45476e-13
8012 2.34203e-13
8014 2.31568e-13
8016 2.29624e-13
8018 2.36074e-13
8020 2.46201e-13
8022 2.40327e-13
8024 2.49659e-13
8026 2.43916e-13
8028 2.36543e-13
8030 2.44856e-13
8032 2.39601e-13
8034 2.52575e-13
8036 2.33895e-13
8038 2.47734e-13
8040 2.59544e-13
8042 2.56993e-13
8044 2.61844e-13
8046 2.61322e-13
8048 2.65532e-13
8050 2.5195e-13
8052 2.49178e-13
8054 2.54162e-13
8056 2.4589e-13
8058 2.81323e-13
8060 2.73504e-13
8062 2.71262e-13
8064 2.67231e-13
8066 2.49619e-13
8068 2.70134e-13
8070 2.89085e-13
8072 2.91511e-13
8074 2.78646e-13
8076 2.86147e-13
8078 2.65356e-13
8080 2.67268e-13
8082 2.67957e-13
8084 2.79764e-13
8086 2.80716e-13
8088 2.57246e-13
8090 2.68482e-13
8092 2.7787e-13
8094 2.81504e-13
8096 2.85898e-13
8098 2.75036e-13
8100 2.71879e-13
8102 2.80722e-13
8104 2.82195e-13
8106 2.62613e-13
8108 2.92932e-13
8110 2.86258e-13
8112 2.75805e-13
8114 2.92688e-13
8116 2.81384e-13
8118 2.78015e-13
8120 2.82307e-13
8122 3.00636e-13
8124 3.06771e-13
8126 2.9273e-13
8128 2.78307e-13
8130 2.74383e-13
8132 2.90234e-13
8134 2.85397e-13
8136 2.86431e-13
8138 2.99886e-13
8140 2.87262e-13
8142 2.78109e-13
8144 2.95206e-13
8146 3.05155e-13
8148 2.89503e-13
8150 2.94045e-13
8152 3.03841e-13
8154 2.9693e-13
8156 2.89248e-13
8158 2.82587e-13
8160 3.0357e-13
8162 3.04986e-13
8164 2.91245e-13
8166 2.91895e-13
8168 3.00556e-13
8170 2.96486e-13
8172 2.80549e-13
8174 3.04061e-13
8176 3.06511e-13
8178 2.85859e-13
8180 2.83522e-13
8182 3.12637e-13
8184 2.85887e-13
8186 2.88111e-13
8188 2.97249e-13
8190 3.07895e-13
8192 3.17119e-13
8194 2.90129e-13
8196 2.94006e-13
8198 3.02686e-13
8200 3.05702e-13
8202 2.89492e-13
8204 3.03073e-13
8206 2.88446e-13
8208 3.12434e-13
8210 3.34206e-13
8212 3.03929e-13
8214 2.80581e-13
8216 2.85403e-13
8218 2.88132e-13
8220 2.96256e-13
8222 2.89072e-13
8224 2.9592e-13
8226 3.11358e-13
8228 3.12821e-13
8230 2.88557e-13
8232 2.86431e-13
8234 2.86275e-13
8236 2.87218e-13
8238 2.87028e-13
8240 3.14487e-13
8242 3.2038e-13
8244 2.97807e-13
8246 2.90512e-13
8248 2.74881e-13
8250 2.73152e-13
8252 2.53233e-13
8254 2.5207e-13
8256 2.62739e-13
8258 2.73494e-13
8260 2.92945e-13
8262 3.19368e-13
8264 3.42544e-13
8266 3.42554e-13
8268 3.19087e-13
8270 3.16376e-13
8272 3.48422e-13
8274 3.51933e-13
8276 3.35377e-13
8278 3.21762e-13
8280 3.4134e-13
8282 3.3321e-13
8284 3.29761e-13
8286 3.46202e-13
8288 3.5384e-13
8290 3.86068e-13
8292 3.98542e-13
8294 4.01953e-13
8296 3.89654e-13
8298 3.71879e-13
8300 3.64695e-13
8302 3.97843e-13
8304 4.0756e-13
8306 3.90163e-13
8308 4.04208e-13
8310 4.10596e-13
8312 3.83401e-13
8314 3.73245e-13
8316 4.0127e-13
8318 4.14995e-13
8320 4.15925e-13
8322 4.23628e-13
8324 4.61582e-13
8326 4.43957e-13
8328 4.16235e-13
8330 4.14521e-13
8332 4.69349e-13
8334 4.64463e-13
8336 4.40999e-13
8338 4.51236e-13
8340 4.54793e-13
8342 4.4908e-13
8344 4.43407e-13
8346 4.71691e-13
8348 5.0219e-13
8350 5.04512e-13
8352 4.55102e-13
8354 4.91234e-13
8356 4.58042e-13
8358 4.97131e-13
8360 4.76027e-13
8362 4.89846e-13
8364 4.69076e-13
8366 4.68236e-13
8368 4.67483e-13
8370 4.62228e-13
8372 4.85021e-13
8374 5.48046e-13
8376 5.39819e-13
8378 4.91996e-13
8380 4.81498e-13
8382 4.80703e-13
8384 5.02015e-13
8386 4.83144e-13
8388 4.97571e-13
8390 5.30874e-13
8392 5.40026e-13
8394 5.81081e-13
8396 6.15513e-13
8398 5.89217e-13
8400 5.74894e-13
8402 6.61479e-13
8404 6.3209e-13
8406 5.48576e-13
8408 5.52445e-13
8410 5.94798e-13
8412 5.91765e-13
8414 5.73634e-13
8416 6.11409e-13
8418 6.4633e-13
8420 6.5493e-13
8422 6.54998e-13
8424 6.89039e-13
8426 6.74434e-13
8428 6.56336e-13
8430 6.55184e-13
8432 6.31449e-13
8434 5.96234e-13
8436 5.80237e-13
8438 6.21515e-13
8440 6.4658e-13
8442 6.34206e-13
8444 6.45052e-13
8446 6.50533e-13
8448 6.64053e-13
8450 6.90817e-13
8452 6.957e-13
8454 7.18331e-13
8456 7.11768e-13
8458 7.13336e-13
8460 7.27502e-13
8462 7.43906e-13
8464 7.10866e-13
8466 6.54437e-13
8468 6.74469e-13
8470 6.68716e-13
8472 6.747e-13
8474 6.66009e-13
8476 6.70154e-13
8478 6.62378e-13
8480 6.4162e-13
8482 7.01546e-13
8484 6.92719e-13
8486 6.92268e-13
8488 6.7356e-13
8490 6.70032e-13
8492 6.93328e-13
8494 7.56468e-13
8496 7.0143e-13
8498 7.175e-13
8500 7.21405e-13
8502 7.19289e-13
8504 7.59118e-13
8506 7.60703e-13
8508 7.62466e-13
8510 7.72413e-13
8512 8.10003e-13
8514 7.96547e-13
8516 8.08402e-13
8518 8.15947e-13
8520 8.14024e-13
8522 8.10338e-13
8524 8.1683e-13
8526 7.75673e-13
8528 7.7268e-13
8530 8.58112e-13
8532 8.60343e-13
8534 8.31114e-13
8536 8.26984e-13
8538 8.3967e-13
8540 8.37041e-13
8542 8.25489e-13
8544 8.16317e-13
8546 8.36127e-13
8548 8.32124e-13
8550 8.10348e-13
8552 7.98466e-13
8554 8.55396e-13
8556 9.024e-13
8558 8.76991e-13
8560 8.75337e-13
8562 8.51415e-13
8564 7.99985e-13
8566 8.10226e-13
8568 8.19673e-13
8570 8.61029e-13
8572 8.96375e-13
8574 8.72868e-13
8576 8.61454e-13
8578 9.07514e-13
8580 9.86157e-13
8582 1.0013e-12
8584 9.71172e-13
8586 9.89554e-13
8588 1.03419e-12
8590 9.87262e-13
8592 9.09528e-13
8594 8.66639e-13
8596 8.80574e-13
8598 8.70021e-13
8600 8.7547e-13
8602 9.01603e-13
8604 8.7263e-13
8606 8.41552e-13
8608 8.95244e-13
8610 9.08807e-13
8612 9.26072e-13
8614 9.13193e-13
8616 9.30066e-13
8618 8.45444e-13
8620 8.14041e-13
8622 8.50115e-13
8624 9.19247e-13
8626 9.37033e-13
8628 9.74142e-13
8630 9.85077e-13
8632 9.8767e-13
8634 1.0691e-12
8636 1.00166e-12
8638 1.03275e-12
8640 1.10996e-12
8642 1.07326e-12
8644 1.04285e-12
8646 1.06102e-12
8648 1.0995e-12
8650 1.11572e-12
8652 1.08878e-12
8654 1.1114e-12
8656 1.07438e-12
8658 1.1368e-12
8660 1.11513e-12
8662 1.07808e-12
8664 1.08621e-12
8666 1.12988e-12
8668 1.06565e-12
8670 1.02389e-12
8672 1.08053e-12
8674 1.04688e-12
8676 1.1219e-12
8678 1.12521e-12
8680 1.15096e-12
8682 1.1044e-12
8684 1.04216e-12
8686 1.04554e-12
8688 1.05957e-12
8690 1.10847e-12
8692 1.14064e-12
8694 1.233e-12
8696 1.21009e-12
8698 1.20704e-12
8700 1.21883e-12
8702 1.16422e-12
8704 1.20999e-12
8706 1.16678e-12
8708 1.19132e-12
8710 1.14764e-12
8712 1.14524e-12
8714 1.1743e-12
8716 1.18317e-12
8718 1.19507e-12
8720 1.23155e-12
8722 1.21659e-12
8724 1.21159e-12
8726 1.20519e-12
8728 1.16671e-12
8730 1.15285e-12
8732 1.21474e-12
8734 1.19695e-12
8736 1.12974e-12
8738 1.14292e-12
8740 1.19786e-12
8742 1.29053e-12
8744 1.29733e-12
8746 1.27099e-12
8748 1.31882e-12
8750 1.30216e-12
8752 1.29006e-12
8754 1.28877e-12
8756 1.27598e-12
8758 1.32327e-12
8760 1.31959e-12
8762 1.35128e-12
8764 1.36718e-12
8766 1.40103e-12
8768 1.34623e-12
8770 1.23671e-12
8772 1.18157e-12
8774 1.30133e-12
8776 1.3279e-12
8778 1.36451e-12
8780 1.43704e-12
8782 1.39423e-12
8784 1.36558e-12
8786 1.39405e-12
8788 1.39278e-12
8790 1.38569e-12
8792 1.395e-12
8794 1.46593e-12
8796 1.47391e-12
8798 1.45755e-12
8800 1.26282e-12
8802 1.24058e-12
8804 1.24292e-12
8806 1.26792e-12
8808 1.31967e-12
8810 1.29738e-12
8812 1.27247e-12
8814 1.28388e-12
8816 1.27802e-12
8818 1.26167e-12
8820 1.3066e-12
8822 1.35579e-12
8824 1.34798e-12
8826 1.39255e-12
8828 1.3957e-12
8830 1.33552e-12
8832 1.35021e-12
8834 1.30347e-12
8836 1.32957e-12
8838 1.30081e-12
8840 1.3741e-12
8842 1.37853e-12
8844 1.3407e-12
8846 1.39136e-12
8848 1.33838e-12
8850 1.27261e-12
8852 1.19395e-12
8854 1.15283e-12
8856 1.20273e-12
8858 1.16879e-12
8860 1.30346e-12
8862 1.31351e-12
8864 1.23159e-12
8866 1.19006e-12
8868 1.20537e-12
8870 1.29245e-12
8872 1.34706e-12
8874 1.39108e-12
8876 1.42834e-12
8878 1.38593e-12
8880 1.36604e-12
8882 1.28543e-12
8884 1.26036e-12
8886 1.22775e-12
8888 1.30941e-12
8890 1.40131e-12
8892 1.38963e-12
8894 1.42452e-12
8896 1.4604e-12
8898 1.53723e-12
8900 1.49386e-12
8902 1.55859e-12
8904 1.60397e-12
8906 1.54212e-12
8908 1.59805e-12
8910 1.68986e-12
8912 1.62301e-12
8914 1.54419e-12
8916 1.51527e-12
8918 1.48504e-12
8920 1.51239e-12
8922 1.62534e-12
8924 1.59576e-12
8926 1.58476e-12
8928 1.57159e-12
8930 1.67772e-12
8932 1.59913e-12
8934 1.51093e-12
8936 1.54033e-12
8938 1.64216e-12
8940 1.65154e-12
8942 1.69532e-12
8944 1.692e-12
8946 1.51292e-12
